%% Created using Papers on Tue, 16 May 2017.
%% http://papersapp.com/papers/

@article{JPE:JPE1383,
author = {Schick, Robert S and Lindley, Steven T},
title = {{Directed connectivity among fish populations in a riverine network}},
journal = {J. Appl. Ecol.},
year = {2007},
volume = {44},
number = {6},
pages = {1116--1126}
}

@article{Scheuerell:2005je,
author = {Scheuerell, Mark D and Levin, Phillip S. and Zabel, Richard W and Williams, John G and Sanderson, Beth L},
title = {{A new perspective on the importance of marine-derived nutrients to threatened stocks of Pacific salmon ( Oncorhynchusspp.)}},
journal = {Can. J. Fish. Aquat. Sci.},
year = {2005},
volume = {62},
number = {5},
pages = {961--964},
month = may
}

@article{Springer:uw,
author = {Springer, Alan M and van Vliet, Gus B},
title = {{Climate change, pink salmon, and the nexus between bottom-up and top-down forcing in the subarctic Pacific Ocean and Bering Sea}},
journal = {pnas.org}
}

@article{Schtickzelle:2007wb,
author = {Schtickzelle, Nicolas and Quinn, Thomas P},
title = {{A metapopulation perspective for salmon and other anadromous fish}},
journal = {Fish Fish.},
year = {2007},
volume = {8},
number = {4},
pages = {297--314}
}

@article{Fronhofer:2017jp,
author = {Fronhofer, Emanuel A and Altermatt, Florian},
title = {{Classical metapopulation dynamics and eco-evolutionary feedbacks in dendritic networks}},
journal = {Ecography},
year = {2017},
volume = {47},
pages = {365},
month = jan
}

@article{Fullerton:2011ii,
author = {Fullerton, Aimee H and Lindley, Steven T and Pess, George R and Feist, Blake E and Steel, E Ashley and Mcelhany, Paul},
title = {{Human Influence on the Spatial Structure of Threatened Pacific Salmon Metapopulations}},
journal = {Conservation Biology},
year = {2011},
volume = {25},
number = {5},
pages = {932--944},
month = jul
}

@article{Lande:1988p849,
author = {Lande, R},
title = {{Genetics and demography in biological conservation}},
journal = {Science},
year = {1988},
volume = {241},
number = {4872},
pages = {1455}
}

@article{Berdahl:2015kv,
author = {Berdahl, Andrew and Torney, Colin J and Schertzer, Emmanuel and Levin, Simon A},
title = {{On the evolutionary interplay between dispersal and local adaptation in heterogeneous environments}},
journal = {Evolution},
year = {2015},
volume = {69},
number = {6},
pages = {1390--1405},
month = jun
}

@article{Anonymous:2016jc,
author = {Nesbitt, Holly K and Moore, Jonathan W},
title = {{Species and population diversity in Pacific salmon fisheries underpin indigenous food security}},
journal = {J. Appl. Ecol.},
year = {2016},
month = jul
}

@article{Smith:2001uc,
author = {Smith, C T and Nelson, R J and Wood, C C and Koop, B F},
title = {{Glacial biogeography of North American coho salmon ({\it Oncorhynchus kisutch}).}},
journal = {Mol. Ecol.},
year = {2001},
volume = {10},
number = {12},
pages = {2775--2785},
month = dec
}

@article{Loreau:2008ju,
author = {Loreau, Michel and de Mazancourt, Claire},
title = {{Species Synchrony and Its Drivers: Neutral and Nonneutral Community Dynamics in Fluctuating Environments}},
journal = {Am. Nat.},
year = {2008},
volume = {172},
number = {2},
pages = {E48--E66},
month = aug
}

@article{Drown:2013fb,
author = {Drown, Devin M and Dybdahl, Mark F and Gomulkiewicz, Richard},
title = {{CONSUMER{\textendash}RESOURCE INTERACTIONS AND THE EVOLUTION OF MIGRATION}},
journal = {Evolution},
year = {2013},
volume = {67},
number = {11},
pages = {3290--3304},
month = nov
}

@article{Shelton:2011eq,
author = {Shelton, Andrew O and Mangel, Marc},
title = {{Fluctuations of fish populations and the magnifying effects of fishing.}},
journal = {Proc. Natl. Acad. Sci. USA},
year = {2011},
volume = {108},
number = {17},
pages = {7075--7080},
month = apr
}

@article{Levi:2012ir,
author = {Levi, Taal and Darimont, Chris T and MacDuffee, Misty and Mangel, Marc and Paquet, Paul and Wilmers, Christopher C},
title = {{Using grizzly bears to assess harvest-ecosystem tradeoffs in salmon fisheries}},
journal = {PLoS Biol},
year = {2012},
volume = {10},
number = {4},
pages = {e1001303},
month = apr
}

@article{Loeuille:2005bg,
author = {Loeuille, N and Loreau, M},
title = {{Evolutionary emergence of size-structured food webs}},
journal = {Proc. Natl. Acad. Sci. USA},
year = {2005},
volume = {102},
number = {16},
pages = {5761--5766},
month = apr
}

@article{Radchenko:2007tc,
author = {Radchenko, Vladimir I and Temnykh, Olga S and Lapko, Viktor V},
title = {{Trends in abundance and biological characteristics of pink salmon ({\it Oncorhynchus gorbuscha}) in the North Pacific Ocean}},
journal = {North Pacific Anadromous Fish Commission Bulletin},
year = {2007},
volume = {4},
pages = {7--21}
}

@article{Moore:2014cq,
author = {Moore, Jonathan W and Beakes, Michael P and Nesbitt, Holly K and Yeakel, Justin D and Patterson, David A and Thompson, Lisa A and Phillis, Corey C and Braun, Douglas C and Favaro, Corinna and Scott, David and Carr-Harris, Charmaine and Atlas, William I},
title = {{Emergent stability in a large, free-flowing watershed}},
journal = {Ecology},
year = {2015},
volume = {96},
number = {2},
pages = {340--347}
}

@article{Moore:2014hi,
author = {Moore, Jonathan W and Yeakel, Justin D and Peard, Dean and Lough, Jeff and Beere, Mark},
title = {{Life-history diversity and its importance to population stability and persistence of a migratory fish: steelhead in two large North American watersheds}},
journal = {J. Anim. Ecol.},
year = {2014},
volume = {83},
number = {5},
pages = {1035--1046}
}

@article{Anderson:2010fq,
author = {Anderson, Philip S L and Gill, Pamela G and Rayfield, Emily J},
title = {{Modeling the effects of cingula structure on strain patterns and potential fracture in tooth enamel}},
journal = {J. Morphol.},
year = {2010},
volume = {272},
number = {1},
pages = {50--65},
month = oct
}

@article{Westley:2015to,
author = {Westley, Peter A H and Dittman, Andrew H and Ward, Eric J and Quinn, Thomas P},
title = {{Signals of climate, conspecific density, and watershed features in patterns of homing and dispersal by Pacific salmon.}},
journal = {Ecology},
year = {2015},
volume = {96},
number = {10},
pages = {2823--2833},
month = oct
}

@book{Quinn:2011tf,
author = {Quinn, Thomas P},
title = {{The Behavior and Ecology of Pacific Salmon and Trout}},
publisher = {UBC Press},
year = {2011},
month = nov
}

@book{Hendry:2016un,
author = {Hendry, Andrew P},
title = {{Eco-evolutionary Dynamics}},
publisher = {Princeton University Press},
year = {2016},
month = nov
}

@article{Satterthwaite:2012em,
author = {Satterthwaite, William H and Hayes, Sean A and Merz, Joseph E and Sogard, Susan M and Frechette, Danielle M and Mangel, Marc},
title = {{State-Dependent Migration Timing and Use of Multiple Habitat Types in Anadromous Salmonids}},
journal = {Transactions of the American Fisheries Society},
year = {2012},
volume = {141},
number = {3},
pages = {781--794},
month = may
}

@article{Yeakel:2013vz,
author = {Yeakel, Justin D and Moore, J W and Guimar{\~a}es Jr, Paulo R and de Aguiar, M A M},
title = {{Synchronisation and stability in river metapopulation networks}},
journal = {Ecol. Lett.},
year = {2014},
volume = {17},
number = {3},
pages = {273--283}
}

@article{Anderson2004,
author = {Andersen, T and Elser, JJ and Hessen, DOster},
title = {{Stoichiometry and population dynamics}},
journal = {Ecol. Lett.},
volume = {{7}},
pages = {{884--900}}
}

@article{Simon:2003et,
author = {Simon, Kevin S and Townsend, Colin R},
title = {{Impacts of freshwater invaders at different levels of ecological organisation, with emphasis on salmonids and ecosystem consequences}},
journal = {Freshwater Biol.},
year = {2003},
volume = {48},
number = {6},
pages = {982--994},
month = jun
}

@article{Dakos:2015dp,
author = {Dakos, Vasilis and K{\'e}fi, Sonia and Rietkerk, Max and van Nes, Egbert H and Scheffer, Marten},
title = {{Slowing Down in Spatially Patterned Ecosystems at the Brink of Collapse}},
journal = {http://dx.doi.org.proxy.lib.sfu.ca/10.1086/679735},
year = {2015},
volume = {177},
number = {6},
pages = {E153--E166},
month = jul
}

@article{Anderson:2008ez,
author = {Anderson, Christian N K and Hsieh, Chih-Hao and Sandin, Stuart A and Hewitt, Roger and Hollowed, Anne and Beddington, John and May, Robert M and Sugihara, George},
title = {{Why fishing magnifies fluctuations in fish abundance}},
journal = {Nature},
year = {2008},
volume = {452},
number = {7189},
pages = {835--839},
month = apr
}

@article{Guill:2011bf,
author = {Guill, Christian and Drossel, Barbara and Just, Wolfram and Carmack, Eddy},
title = {{A three-species model explaining cyclic dominance of Pacific salmon}},
journal = {J. Theor. Biol.},
year = {2011},
volume = {276},
number = {1},
pages = {16--21},
month = may
}

@article{Anonymous:2014ku,
author = {Griffiths, Jennifer R and Schindler, Daniel E and Armstrong, Jonathan B and Scheuerell, Mark D and Whited, Diane C and Clark, Robert A and Hilborn, Ray and Holt, Carrie A and Lindley, Steven T and Stanford, Jack A and Volk, Eric C},
title = {{Performance of salmon fishery portfolios across western North America}},
journal = {J. Appl. Ecol.},
year = {2014},
volume = {51},
number = {6},
pages = {n/a--n/a}
}

@book{Jonsson:2011kg,
author = {Jonsson, Bror and Jonsson, Nina},
title = {{Ecology of Atlantic Salmon and Brown Trout}},
publisher = {Springer Science {\&} Business Media},
year = {2011},
series = {Habitat as a template for life histories},
address = {Dordrecht},
month = may
}

@article{Anonymous:2015gf,
author = {Schindler, Daniel E and Armstrong, Jonathan B and Reed, Thomas E},
title = {{The portfolio concept in ecology and evolution}},
journal = {Front. Ecol. Environ.},
year = {2015},
volume = {13},
number = {5},
pages = {257--263},
month = jun
}

@article{Shelton:2012ef,
author = {Shelton, Andrew O and Mangel, Marc},
title = {{Estimating von Bertalanffy parameters with individual and environmental variations in growth}},
journal = {Journal of Biological Dynamics},
year = {2012},
volume = {6},
number = {sup2},
pages = {3--30},
month = sep
}

@book{Endler:1986tz,
author = {Endler, John A},
title = {{Natural Selection in the Wild}},
publisher = {Princeton University Press},
year = {1986}
}

@article{Merow:2014gu,
author = {Merow, Cory and Dahlgren, Johan P and Metcalf, C Jessica E and Childs, Dylan Z and Evans, Margaret E K and Jongejans, Eelke and Record, Sydne and Rees, Mark and Salguero G{\'o}mez, Roberto and McMahon, Sean M},
title = {{Advancing population ecology with integral projection models: a practical guide}},
journal = {Methods Ecol Evol},
year = {2014},
volume = {5},
number = {2},
pages = {99--110},
month = feb
}

@article{Pess:2014is,
author = {Pess, G R and Quinn, T P and Gephard, S R and Saunders, R},
title = {{Re-colonization of Atlantic and Pacific rivers by anadromous fishes: linkages between life history and the benefits of barrier removal}},
journal = {Reviews in Fish Biology and Fisheries},
year = {2014},
volume = {24},
number = {3},
pages = {881--900},
month = jan
}

@article{Anonymous:2015ee,
author = {Schindler, Daniel E and Hilborn, Ray},
title = {{Sustainability. Prediction, precaution, and policy under global change.}},
journal = {Science},
year = {2015},
volume = {347},
number = {6225},
pages = {953--954},
month = feb
}

@article{Brenner:2012gl,
author = {Brenner, Richard E and Moffitt, Steve D and Grant, William S},
title = {{Straying of hatchery salmon in Prince William Sound, Alaska}},
journal = {Environmental Biology of Fishes},
year = {2012},
volume = {94},
number = {1},
pages = {179--195},
month = feb
}

@book{MilnerGulland:2011vm,
author = {Milner-Gulland, E J and Fryxell, John M and Sinclair, Anthony R E},
title = {{Animal Migration}},
publisher = {Oxford University Press},
year = {2011},
series = {A Synthesis},
month = jan
}

@article{Anderson:2014cx,
author = {Anderson, Sean C and Moore, Jonathan W and McClure, Michelle M and Dulvy, Nicholas K and Cooper, Andrew B},
title = {{Portfolio conservation of metapopulations under climate change}},
journal = {Ecol. Appl.},
year = {2014},
month = aug
}

@article{Muhlfeld:2014hs,
author = {Muhlfeld, Clint C and Kovach, Ryan P and Jones, Leslie A and Al-Chokhachy, Robert and Boyer, Matthew C and Leary, Robb F and Lowe, Winsor H and Luikart, Gordon and Allendorf, Fred W},
title = {{Invasive hybridization in a threatened species is accelerated by climate change}},
journal = {Nature Climate Change},
year = {2014},
volume = {4},
number = {7},
pages = {620--624},
month = jul
}

@article{Rogers:2013fm,
author = {Rogers, Lauren A and Schindler, Daniel E and Lisi, Peter J and Holtgrieve, Gordon W and Leavitt, Peter R and Bunting, Lynda and Finney, Bruce P and Selbie, Daniel T and Chen, Guangjie and Gregory-Eaves, Irene},
title = {{Centennial-scale fluctuations and regional complexity characterize Pacific salmon population dynamics over the past five centuries}},
journal = {Proc. Natl. Acad. Sci. USA},
year = {2013},
volume = {110},
number = {5},
pages = {1750--1755}
}

@article{Taylor:1996uz,
author = {Taylor, E B and Foote, C J and Wood, C C},
title = {{Molecular genetic evidence for parallel life-history evolution within a Pacific salmon (sockeye salmon and kokanee, Oncorhynchus nerka)}},
journal = {Evolution},
year = {1996},
pages = {401--416}
}

@article{Osterback:2013bz,
author = {Osterback, Ann-Marie K and Frechette, Danielle M and Shelton, Andrew O and Hayes, Sean A and Bond, Morgan H and Moore, Jonathan W and Shaffer, Scott A},
title = {{High predation on small populations: avian predation on imperiled salmonids}},
journal = {Ecosphere},
year = {2013},
volume = {27},
number = {5},
pages = {n/a--n/a},
month = may
}

@article{Kovach:2013dj,
author = {Kovach, Ryan P and Joyce, John E and Echave, Jesse D and Lindberg, Mark S and Tallmon, David A},
title = {{Earlier Migration Timing, Decreasing Phenotypic Variation, and Biocomplexity in Multiple Salmonid Species}},
journal = {PLoS ONE},
year = {2013},
volume = {8},
number = {1},
pages = {e53807},
month = jan
}

@article{Moore:2010gs,
author = {Moore, Jonathan W and McClure, Michelle and Rogers, Lauren A and Schindler, Daniel E},
title = {{Synchronization and portfolio performance of threatened salmon}},
journal = {Conserv. Lett.},
year = {2010},
volume = {3},
number = {5},
pages = {340--348},
month = apr
}

@article{Anderson:2006vz,
author = {Anderson, K E and Paul, A J and McCauley, E and Jackson, L J and Post, J R and Nisbet, R M},
title = {{Instream flow needs in streams and rivers: the importance of understanding ecological dynamics}},
journal = {Front. Ecol. Environ.},
year = {2006},
volume = {4},
number = {6},
pages = {309--318}
}

@article{Moore:2007vw,
author = {Moore, JW and Schindler, DE and Carter, JL and Fox, J and Griffiths, J},
title = {{Biotic control of stream fluxes: spawning salmon drive nutrient and matter export}},
journal = {Ecology},
year = {2007}
}

@article{Dakos:2014br,
author = {Dakos, Vasilis and Bascompte, Jordi},
title = {{Critical slowing down as early warning for the onset of collapse in mutualistic communities}},
journal = {Proc. Natl. Acad. Sci. USA},
year = {2014},
volume = {111},
number = {49},
pages = {201406326--17551},
month = nov
}

@article{Hilborn:2003gf,
author = {Hilborn, Ray and Quinn, Thomas P and Schindler, Daniel E and Rogers, Donald E},
title = {{Biocomplexity and fisheries sustainability.}},
journal = {Proc. Natl. Acad. Sci. USA},
year = {2003},
volume = {100},
number = {11},
pages = {6564--6568},
month = may
}

@article{Tattam:2015gs,
author = {Tattam, Ian A and Ruzycki, James R and McCormick, Josh L and Carmichael, Richard W},
title = {{Length and Condition of Wild Chinook Salmon Smolts Influence Age at Maturity}},
journal = {Transactions of the American Fisheries Society},
year = {2015},
volume = {144},
number = {6},
pages = {1237--1248},
month = oct
}

@article{Jonsson:2012io,
author = {Jonsson, Bror and Jonsson, Nina and Finstad, Anders G},
title = {{Effects of temperature and food quality on age and size at maturity in ectotherms: an experimental test with Atlantic salmon}},
journal = {J. Anim. Ecol.},
year = {2012},
pages = {n/a--n/a},
month = aug
}

@article{BenDavid:2004p84,
author = {Ben-David, Merav and Titus, Kimberly},
title = {{Consumption of salmon by Alaskan brown bears: a trade-off between nutritional requirements and the risk of infanticide?}},
journal = {Oecologia},
year = {2004},
volume = {138},
number = {3},
pages = {465--474},
month = feb
}

@article{Guill:2011vx,
author = {Guill, Christian and Reichardt, Benjamin and Drossel, Barbara and Just, Wolfram},
title = {{Coexisting patterns of population oscillations: the degenerate Neimark-Sacker bifurcation as a generic mechanism.}},
journal = {Phys. Rev. E},
year = {2011},
volume = {83},
number = {2},
pages = {021910},
month = feb
}

@article{Rees:2014cp,
author = {Rees, Mark and Childs, Dylan Z and Ellner, Stephen P},
title = {{Building integral projection models: a user{\&}apos;s guide}},
journal = {J. Anim. Ecol.},
year = {2014},
volume = {83},
number = {3},
pages = {528--545},
month = may
}

@article{Andersen:2009ba,
author = {Andersen, K H and Beyer, J E and Lundberg, P},
title = {{Trophic and individual efficiencies of size-structured communities}},
journal = {Proc. Roy. Soc. B},
year = {2009},
volume = {276},
number = {1654},
pages = {109--114},
month = jan
}

@article{Shelton:2010ur,
author = {Shelton, AO},
title = {{The Ecological and Evolutionary Drivers of Female-Biased Sex Ratios: Two-Sex Models of Perennial Seagrasses}},
journal = {Am. Nat.},
year = {2010},
volume = {175},
number = {3},
pages = {302--315}
}

@article{Quinn:2014bg,
author = {Quinn, Thomas P and Cunningham, Curry J and Randall, Jessica and Hilborn, Ray},
title = {{Can intense predation by bears exert a depensatory effect on recruitment in a Pacific salmon population?}},
journal = {Oecologia},
year = {2014},
volume = {176},
number = {2},
pages = {1--12},
month = aug
}

@article{Lande:1996bj,
author = {Lande, Russell and Shannon, Susan},
title = {{The Role of Genetic Variation in Adaptation and Population Persistence in a Changing Environment}},
journal = {Evolution},
year = {1996},
volume = {50},
number = {1},
pages = {434},
month = feb
}

@article{Engen:2002jk,
author = {Engen, S and Lande, R and Saether, B E},
title = {{The spatial scale of population fluctuations and quasi-extinction risk}},
journal = {Am. Nat.},
year = {2002},
volume = {160},
number = {4},
pages = {439--451},
month = oct
}

@article{Moore:2008vk,
author = {Moore, Jonathan W and Schindler, Daniel E and Ruff, Casey P},
title = {{Habitat saturation drives thresholds in stream subsidies.}},
journal = {Ecology},
year = {2008},
volume = {89},
number = {2},
pages = {306--312},
month = feb
}

@article{H:2013fs,
author = {H, WestleyPeter A and P, QuinnThomas and H, DittmanAndrew},
title = {{Rates of straying by hatchery-produced Pacific salmon (Oncorhynchus spp.) and steelhead (Oncorhynchus mykiss) differ among species, life history types, and populations}},
journal = {Can. J. Fish. Aquat. Sci.},
year = {2013},
month = mar
}

@article{Keefer:2008bs,
author = {Keefer, Matthew L and Caudill, Christopher C and Peery, Christopher A and Lee, Steven R},
title = {{Transporting juvenile salmonids around dams impairs adult migration}},
journal = {Ecol. Appl.},
year = {2008},
volume = {18},
number = {8},
pages = {1888--1900},
month = dec
}

@article{Consuegra:2002wx,
author = {Consuegra, S and Garc{\'\i}a de Le{\'a}niz, C and Serdio, A and Gonz{\'a}lez Morales, M and Straus, L G and Knox, D and Verspoor, E},
title = {{Mitochondrial DNA variation in Pleistocene and modern Atlantic salmon from the Iberian glacial refugium.}},
journal = {Mol. Ecol.},
year = {2002},
volume = {11},
number = {10},
pages = {2037--2048},
month = oct
}

@article{Hinz:2017ew,
author = {Hinz, Robert C and de Polavieja, Gonzalo G},
title = {{Ontogeny of collective behavior reveals a simple attraction rule.}},
journal = {PNAS},
year = {2017},
volume = {114},
number = {9},
pages = {2295--2300},
month = feb
}

@article{Walters:2013cf,
author = {Walters, Annika W and Copeland, Timothy and Venditti, David A},
title = {{The density dilemma: limitations on juvenile production in threatened salmon populations}},
journal = {Ecol. Freshw. Fish},
year = {2013},
volume = {22},
number = {4},
pages = {508--519},
month = mar
}

@article{Thebault:2007kw,
author = {Th{\'e}bault, Elisa and Huber, Veronika and Loreau, Michel},
title = {{Cascading extinctions and ecosystem functioning: contrasting effects of diversity depending on food web structure}},
journal = {Oikos},
year = {2007},
volume = {116},
number = {1},
pages = {163--173},
month = jan
}

@article{Anonymous:2008bm,
author = {Rogers, Lauren A and Schindler, Daniel E},
title = {{Asynchrony in Population Dynamics of Sockeye Salmon in Southwest Alaska}},
journal = {Oikos},
year = {2008},
volume = {117},
number = {10},
pages = {1578--1586},
month = oct
}

@article{AndersonMay86,
author = {Anderson, R M and May, R M and Joysey, K and Mollison, D and Conway, G R and Cartwell, R and Thompson, H V and Dixon, B},
title = {{The Invasion, Persistence and Spread of Infectious Diseases within Animal and Plant Communities [and Discussion]}},
journal = {Philos. T. Roy. Soc. B},
year = {1986},
volume = {314},
pages = {533--570}
}

@article{Kylafis:2011p3417,
author = {Kylafis, Grigoris and Loreau, Michel},
title = {{Niche construction in the light of niche theory}},
journal = {Ecol. Lett.},
year = {2011},
volume = {14},
pages = {82--90}
}

@article{Mouquet:2002hs,
author = {Mouquet, Nicolas and Loreau, Michel},
title = {{Coexistence in Metacommunities: The Regional Similarity Hypothesis}},
journal = {Am. Nat.},
year = {2002},
volume = {159},
number = {4},
pages = {420--426},
month = apr
}

@article{Denton:2010dd,
author = {Denton, K P and Rich Jr., H B and Moore, J W and Quinn, T P},
title = {{The utilization of a Pacific salmon Oncorhynchus nerka subsidy by three populations of charr Salvelinus spp.}},
journal = {Journal of Fish Biology},
year = {2010},
volume = {77},
number = {4},
pages = {1006--1023},
month = aug
}

@article{Lande:2009ff,
author = {Lande, Russell and Engen, Steinar and Saether, Bernt-Erik},
title = {{An evolutionary maximum principle for density-dependent population dynamics in a fluctuating environment.}},
journal = {Philos. T. Roy. Soc. B},
year = {2009},
volume = {364},
number = {1523},
pages = {1511--1518},
month = jun
}

@article{Krkosek:2014ch,
author = {Krko{\v s}ek, Martin and Drake, J M},
title = {{On signals of phase transitions in salmon population dynamics}},
journal = {Proc. Roy. Soc. B},
year = {2014},
volume = {281},
number = {1784},
pages = {20133221--20133221},
month = apr
}

@article{Satterthwaite:2015ge,
author = {Satterthwaite, William H and Carlson, Stephanie M and Bradbury, Ian},
title = {{Weakening portfolio effect strength in a hatchery-supplemented Chinook salmon population complex}},
journal = {Can. J. Fish. Aquat. Sci.},
year = {2015},
volume = {72},
number = {12},
pages = {1860--1875},
month = dec
}

@article{Krkosek:2011ds,
author = {Krkosek, M and Hilborn, R and Peterman, R M and Quinn, T P},
title = {{Cycles, stochasticity and density dependence in pink salmon population dynamics}},
journal = {Proc. Roy. Soc. B},
year = {2011},
volume = {278},
number = {1714},
pages = {2060--2068},
month = may
}

@article{Keefer:2014gg,
author = {Keefer, Matthew L and Caudill, Christopher C},
title = {{Homing and straying by anadromous salmonids: a review of mechanisms and rates}},
journal = {Reviews in Fish Biology and Fisheries},
year = {2014},
volume = {24},
number = {1},
pages = {333--368}
}

@article{Waples:2008kp,
author = {Waples, Robin S and Pess, George R and Beechie, Tim},
title = {{Evolutionary history of Pacific salmon in dynamic environments}},
journal = {Evolutionary Applications},
year = {2008},
volume = {1},
number = {2},
pages = {189--206},
month = may
}

@article{Fisher:1994wl,
author = {Fisher, F W},
title = {{Past and Present Status of Central Valley Chinook Salmon}},
journal = {Conservation Biology},
year = {1994},
volume = {8},
number = {3},
pages = {870--873},
month = sep
}

@article{Pillai:2011dm,
author = {Pillai, Pradeep and Gonzalez, Andrew and Loreau, Michel},
title = {{Metacommunity theory explains the emergence of food web complexity.}},
journal = {PNAS},
year = {2011},
volume = {108},
number = {48},
pages = {19293--19298},
month = nov
}

@article{Waples:2009wz,
author = {Waples, R S and Beechie, T and Pess, G R},
title = {{Evolutionary history, habitat disturbance regimes, and anthropogenic changes: what do these mean for resilience of Pacific salmon populations}},
journal = {Ecology and Society},
year = {2009},
volume = {14},
number = {1},
pages = {3}
}

@article{Anonymous:2013br,
author = {Boettiger, Carl and Ross, Noam and Hastings, Alan},
title = {{Early warning signals: the charted and uncharted territories}},
journal = {Theor. Ecol.},
year = {2013},
volume = {6},
number = {3},
pages = {255--264},
month = aug
}

@article{Bond:2016dz,
author = {Bond, Morgan H and Westley, Peter A H and Dittman, Andrew H and Holecek, Dean and Marsh, Tiffani and Quinn, Thomas P},
title = {{Combined effects of barge transportation, river environment, and rearing location on straying and migration of adult snake river fall-run chinook salmon}},
journal = {Transactions of the American Fisheries Society},
year = {2016},
volume = {146},
number = {1},
pages = {60--73},
month = dec
}

@article{Schindler:2010he,
author = {Schindler, Daniel E and Hilborn, Ray and Chasco, Brandon and Boatright, Christopher P and Quinn, Thomas P and Rogers, Lauren A and Webster, Michael S},
title = {{Population diversity and the portfolio effect in an exploited species}},
journal = {Nature},
year = {2010},
volume = {465},
number = {7298},
pages = {609--612},
month = mar
}

@article{KOKKORIS:2002tf,
author = {Kokkoris, G D and Jansen, V A A and Loreau, M and Troumbis, A Y},
title = {{Variability in interaction strength and implications for biodiversity}},
journal = {J. Anim. Ecol.},
year = {2002},
volume = {71},
number = {2},
pages = {362--371}
}

@article{Guill:2014he,
author = {Guill, Christian and Carmack, Eddy and Drossel, Barbara},
title = {{Exploring cyclic dominance of sockeye salmon with a predator{\textendash}prey model}},
journal = {Can. J. Fish. Aquat. Sci.},
year = {2014},
volume = {71},
number = {7},
pages = {959--972},
month = mar
}

@article{Berdahl:2014bl,
author = {Berdahl, Andrew and Westley, Peter A H and Levin, Simon A and Couzin, Iain D and Quinn, Thomas P},
title = {{A collective navigation hypothesis for homeward migration in anadromous salmonids}},
journal = {Fish Fish.},
year = {2014},
volume = {17},
number = {2},
pages = {525--542},
month = jun
}

@book{Andersen1997,
author = {Andersen, Tom},
title = {{Pelagic nutrient cycles. Herbivores as sources and sinks}},
year = {1997},
volume = {129}
}

@article{Shelton:2014br,
author = {Shelton, Andrew Olaf and Samhouri, Jameal F and Stier, Adrian C and Levin, Philip S},
title = {{Assessing trade-offs to inform ecosystem-based fisheries management of forage fish}},
journal = {Sci. Rep.},
year = {2014},
volume = {4},
pages = {7110},
month = nov
}

@article{Dorner:2008id,
author = {Dorner, Brigitte and Peterman, Randall M and Haeseker, Steven L},
title = {{Historical trends in productivity of 120 Pacific pink, chum, and sockeye salmon stocks reconstructed by using a Kalman filter}},
journal = {Can. J. Fish. Aquat. Sci.},
year = {2008},
volume = {65},
number = {9},
pages = {1842--1866},
month = sep
}

@article{Kovach:2012hw,
author = {Kovach, R P and Gharrett, A J and Tallmon, D A},
title = {{Genetic change for earlier migration timing in a pink salmon population}},
journal = {Proc. Roy. Soc. B},
year = {2012},
volume = {279},
number = {1743},
pages = {3870--3878},
month = aug
}

@article{Lande:1979fk,
author = {Lande, Russell},
title = {{Quantitative Genetic Analysis of Multivariate Evolution, Applied to Brain: Body Size Allometry}},
journal = {Evolution},
year = {1979},
volume = {33},
number = {1},
pages = {402--416},
month = mar
}

@article{Gomulkiewicz:2007gu,
author = {Gomulkiewicz, R and Drown, D M and Dybdahl, M F and Godsoe, W and Nuismer, S L and Pepin, K M and Ridenhour, B J and Smith, C I and Yoder, J B},
title = {{Dos and don'ts of testing the geographic mosaic theory of coevolution}},
journal = {Heredity},
year = {2007},
volume = {98},
number = {5},
pages = {249--258},
month = mar
}

@article{Bett:2017ha,
author = {Bett, Nolan N and Hinch, Scott G and Burnett, Nicholas J and Donaldson, Michael R and Naman, Sean M},
title = {{Causes and Consequences of Straying into Small Populations of Pacific Salmon}},
journal = {Fisheries},
year = {2017},
volume = {42},
number = {4},
pages = {220--230},
month = mar
}

@article{Smaldino:2017gm,
author = {Smaldino, Paul E and Flamson, Thomas J and McElreath, Richard},
title = {{The Evolution Of Covert Signaling}},
journal = {bioRxiv},
year = {2017},
pages = {132407},
month = apr
}

@article{Berdahl:2016dx,
author = {Berdahl, Andrew},
title = {{Collective behavior as a driver of critical transitions in migratory populations}},
journal = {Movement Ecology},
year = {2016},
volume = {4},
number = {1},
pages = {1--12},
month = jun
}

@article{Kinnison:2007db,
author = {Kinnison, Michael T and Hairston, Nelson G},
title = {{Eco-evolutionary conservation biology: contemporary evolution and the dynamics of persistence}},
journal = {Funct. Ecol.},
year = {2007},
volume = {21},
number = {3},
pages = {444--454},
month = jun
}

@article{Mangel:2008tl,
author = {Mangel, M and Satterthwaite, W H},
title = {{Combining proximate and ultimate approaches to understand life history variation in salmonids with application to fisheries, conservation, and aquaculture}},
journal = {B. Mar. Sci.},
year = {2008},
volume = {83},
number = {1},
pages = {107--130}
}

@article{Young:1999ut,
author = {Young, Kyle A},
title = {{Managing the decline of Pacific salmon: metapopulation theory and artificial recolonization as ecological mitigation}},
journal = {Can. J. Fish. Aquat. Sci.},
year = {1999},
volume = {56},
number = {9},
pages = {1700--1706}
}

@article{Carlson:2011ce,
author = {Carlson, Stephanie Marie and Satterthwaite, William Hallowell and Fleming, Ian A},
title = {{Weakened portfolio effect in a collapsed salmon population complex}},
journal = {Can. J. Fish. Aquat. Sci.},
year = {2011},
volume = {68},
number = {9},
pages = {1579--1589},
month = sep
}

@article{Whitlock:2005hu,
author = {Whitlock, Michael C and Gomulkiewicz, Richard},
title = {{Probability of Fixation in a Heterogeneous Environment}},
journal = {Genetics},
year = {2005},
volume = {171},
number = {3},
pages = {1407--1417},
month = nov
}

@article{Loreau:2013ka,
author = {Loreau, Michel and Mazancourt, Claire},
title = {{Biodiversity and ecosystem stability: a synthesis of underlying mechanisms}},
journal = {Ecol. Lett.},
year = {2013},
volume = {16},
number = {s1},
pages = {106--115},
month = may
}

@article{Carlson:2008hl,
author = {Carlson, Stephanie M and Seamons, Todd R},
title = {{SYNTHESIS: A review of quantitative genetic components of fitness in salmonids: implications for adaptation to future change}},
journal = {Evolutionary Applications},
year = {2008},
volume = {1},
number = {2},
pages = {222--238},
month = apr
}

@article{Lande:1976ga,
author = {Lande, Russell},
title = {{Natural Selection and Random Genetic Drift in Phenotypic Evolution}},
journal = {Evolution},
year = {1976},
volume = {30},
number = {2},
pages = {314},
month = jun
}

@article{Doucett:1999bz,
author = {Doucett, R R and Booth, R K and Power, G and McKinley, R S},
title = {{Effects of the spawning migration on the nutritional status of anadromous Atlantic salmon (\emph{Salmo salar}): insights from stable-isotope analysis}},
journal = {Can. J. Fish. Aquat. Sci.},
year = {1999},
volume = {56},
number = {11},
pages = {2172--2180},
month = nov
}

@article{Shelton:2014cr,
author = {Shelton, Andrew Olaf and Thorson, James T and Ward, Eric J and Feist, Blake E},
title = {{Spatial semiparametric models improve estimates of species abundance and distribution}},
journal = {Can. J. Fish. Aquat. Sci.},
year = {2014},
volume = {71},
number = {11},
pages = {1--12},
month = jul
}

@incollection{Hendry:2004wf,
author = {Hendry, Andrew P and Bohlin, T and Jonsson, Bror and Berg, Ole K},
title = {{The evolution of philopatry and dispersal: homing versus straying in salmonids}},
booktitle = {Evolution Illuminated},
year = {2004},
editor = {Hendry, Andrew P and Stearns, Stephen C},
publisher = {Oxford University Press on Demand}
}

@article{Brenkman:2011fg,
author = {Brenkman, S J and Duda, J J and Torgersen, C E and Welty, E and Pess, G R and Peters, R and Mchenry, M L},
title = {{A riverscape perspective of Pacific salmonids and aquatic habitats prior to large-scale dam removal in the Elwha River, Washington, USA}},
journal = {Fisheries Management and Ecology},
year = {2011},
volume = {19},
number = {1},
pages = {36--53},
month = oct
}

@article{Anonymous:2014ip,
author = {Wilson White, J and Botsford, Louis W and Hastings, Alan and Holland, Matthew D},
title = {{Stochastic models reveal conditions for cyclic dominance in sockeye salmon populations}},
journal = {Ecol. Monogr.},
year = {2014},
volume = {84},
number = {1},
pages = {69--90},
month = feb
}

@article{Hatton:2015fk,
author = {Hatton, Ian A and McCann, Kevin S and Fryxell, John M and Davies, T Jonathan and Smerlak, Matteo and Sinclair, Anthony R E and Loreau, Michel},
title = {{The predator-prey power law: Biomass scaling across terrestrial and aquatic biomes.}},
journal = {Science},
year = {2015},
volume = {349},
number = {6252},
pages = {aac6284--aac6284},
month = sep
}

@article{Anderson:1979p2681,
author = {Anderson, RM and May, RM},
title = {{Population biology of infectious diseases: Part I}},
journal = {Nature},
year = {1979},
volume = {280},
number = {5721},
pages = {361--367}
}

@article{Ciancio:2008p3440,
author = {Ciancio, JE and Pascual, MA and Botto, F and Frere, E and Iribarne, O},
title = {{Trophic relationships of exotic anadromous salmonids in the southern Patagonian Shelf as inferred from stable isotopes}},
journal = {Limnology and Oceanography},
year = {2008},
volume = {53},
number = {2},
pages = {788--798}
}

@article{deMazancourt:2013dj,
author = {de Mazancourt, Claire and Isbell, Forest and Larocque, Allen and Berendse, Frank and De Luca, Enrica and Grace, James B and Haegeman, Bart and Wayne Polley, H and Roscher, Christiane and Schmid, Bernhard and Tilman, David and van Ruijven, Jasper and Weigelt, Alexandra and Wilsey, Brian J and Loreau, Michel},
title = {{Predicting ecosystem stability from community composition and biodiversity}},
journal = {Ecol. Lett.},
year = {2013},
volume = {16},
number = {5},
pages = {617--625},
month = feb
}

@article{Wang:2014ec,
author = {Wang, Shaopeng and Loreau, Michel},
title = {{Ecosystem stability in space: $\alpha$, $\beta$ and $\gamma$ variability}},
journal = {Ecol. Lett.},
year = {2014},
volume = {17},
number = {8},
pages = {891--901},
month = may
}

@article{Quinn:1993ge,
author = {Quinn, Thomas P},
title = {{A review of homing and straying of wild and hatchery-produced salmon}},
journal = {Fisheries Research},
year = {1993},
volume = {18},
number = {1-2},
pages = {29--44},
month = oct
}

@article{Yeakel:2014tj,
author = {Yeakel, Justin D and Mangel, Marc},
title = {{A generalized perturbation approach for exploring stock recruitment relationships}},
journal = {Theor. Ecol.},
year = {2014},
volume = {8},
number = {1},
pages = {1--13}
}

@article{Reshef:2011if,
author = {Reshef, D N and Reshef, Y A and Finucane, H K and Grossman, S R and McVean, G and Turnbaugh, P J and Lander, E S and Mitzenmacher, M and Sabeti, P C},
title = {{Detecting Novel Associations in Large Data Sets}},
journal = {Science},
year = {2011},
volume = {334},
number = {6062},
pages = {1518--1524},
month = dec
}

@article{Anderson1978,
author = {Anderson, Roy M and May, Robert M},
title = {{Regulation and Stability of Host-Parasite Population Interactions: I. Regulatory Processes}},
journal = {J. Anim. Ecol.},
year = {1978},
volume = {47},
pages = {219--247}
}

@article{Falcy:2014en,
author = {Falcy, Matthew R},
title = {{Density-dependent habitat selection of spawning Chinook salmon: broad-scale evidence and implications}},
journal = {J. Anim. Ecol.},
year = {2014},
volume = {84},
number = {2},
pages = {n/a--n/a},
month = oct
}

@book{simpson1953major,
author = {Simpson, G G},
title = {{The major features of evolution}},
publisher = {Simon and Schuster},
year = {1953}
}

@article{Johnson:2012fe,
author = {Johnson, Rachel C and Weber, Peter K and Wikert, John D and Workman, Michelle L and MacFarlane, R Bruce and Grove, Marty J and Schmitt, Axel K},
title = {{Managed Metapopulations: Do Salmon Hatchery {\textquoteleft}Sources{\textquoteright} Lead to In-River {\textquoteleft}Sinks{\textquoteright} in Conservation?}},
journal = {PLoS ONE},
year = {2012},
volume = {7},
number = {2},
pages = {e28880--11},
month = feb
}

@article{Olff:2009tk,
author = {Olff, H and Alonso, D and Berg, MP and Eriksson, BK and Loreau, M and Piersma, T and Rooney, N},
title = {{Parallel ecological networks in ecosystems}},
journal = {Philos. T. Roy. Soc. B},
year = {2009},
volume = {364},
number = {1524},
pages = {1755}
}

@article{Scheffer:2009gg,
author = {Scheffer, Marten and Bascompte, Jordi and Brock, William A and Brovkin, Victor and Carpenter, Stephen R and Dakos, Vasilis and Held, Hermann and van Nes, Egbert H and Rietkerk, Max and Sugihara, George},
title = {{Early-warning signals for critical transitions}},
journal = {Nature},
year = {2009},
volume = {461},
number = {7260},
pages = {53--59},
month = sep
}

@article{Fussmann:2007fo,
author = {Loreau, M},
title = {{Eco-evolutionary dynamics of communities and ecosystems}},
journal = {Funct. Ecol.},
year = {2007},
volume = {21},
number = {3},
pages = {465--477},
month = jun
}

