%% Created using Papers on Fri, 08 Sep 2017.
%% http://papersapp.com/papers/

@article{Anonymous:2015gf,
author = {Schindler, Daniel E and Armstrong, Jonathan B and Reed, Thomas E},
title = {{The portfolio concept in ecology and evolution}},
journal = {Front. Ecol. Environ.},
year = {2015},
volume = {13},
number = {5},
pages = {257--263},
month = jun
}

@article{Anderson:2008ez,
author = {Anderson, Christian N K and Hsieh, Chih-Hao and Sandin, Stuart A and Hewitt, Roger and Hollowed, Anne and Beddington, John and May, Robert M and Sugihara, George},
title = {{Why fishing magnifies fluctuations in fish abundance}},
journal = {Nature},
year = {2008},
volume = {452},
number = {7189},
pages = {835--839},
month = apr
}

@article{Kovach:2012hw,
author = {Kovach, R P and Gharrett, A J and Tallmon, D A},
title = {{Genetic change for earlier migration timing in a pink salmon population}},
journal = {Proc. Roy. Soc. B},
year = {2012},
volume = {279},
number = {1743},
pages = {3870--3878},
month = aug
}

@article{earn1998,
author = {Earn, D J D and Rohani, P and Grenfell, B T},
title = {{Persistence, chaos and synchrony in ecology and epidemiology}},
journal = {Proc. Roy. Soc. B},
year = {1998},
volume = {265},
number = {1390},
pages = {7--10},
month = jan
}

@article{Lande:1996bj,
author = {Lande, Russell and Shannon, Susan},
title = {{The Role of Genetic Variation in Adaptation and Population Persistence in a Changing Environment}},
journal = {Evolution},
year = {1996},
volume = {50},
number = {1},
pages = {434},
month = feb
}

@book{GuckHolmes,
author = {Guckenheimer, J and Holmes, P},
title = {{Nonlinear Oscillations, Dynamical Systems, and Bifurcations of Vector Fields}},
publisher = {Springer},
year = {1983},
address = {New York}
}

@article{Walters:2013cf,
author = {Walters, Annika W and Copeland, Timothy and Venditti, David A},
title = {{The density dilemma: limitations on juvenile production in threatened salmon populations}},
journal = {Ecol. Freshw. Fish},
year = {2013},
volume = {22},
number = {4},
pages = {508--519},
month = mar
}

@article{Ford:2002ip,
author = {Ford, Michael J},
title = {{Selection in captivity during supportive breeding may reduce fitness in the wild}},
journal = {Conserv Biol},
year = {2002},
volume = {16},
number = {3},
pages = {815--825},
month = jun
}

@article{Anderson:2010fq,
author = {Anderson, Philip S L and Gill, Pamela G and Rayfield, Emily J},
title = {{Modeling the effects of cingula structure on strain patterns and potential fracture in tooth enamel}},
journal = {J. Morphol.},
year = {2010},
volume = {272},
number = {1},
pages = {50--65},
month = oct
}

@article{KOKKORIS:2002tf,
author = {Kokkoris, G D and Jansen, V A A and Loreau, M and Troumbis, A Y},
title = {{Variability in interaction strength and implications for biodiversity}},
journal = {J. Anim. Ecol.},
year = {2002},
volume = {71},
number = {2},
pages = {362--371}
}

@article{Anderson:2013bf,
author = {Anderson, Joseph H and Faulds, Paul L and Atlas, William I and Quinn, Thomas P},
title = {{Reproductive success of captively bred and naturally spawned Chinook salmon colonizing newly accessible habitat}},
journal = {Evol Appl},
year = {2013},
volume = {6},
number = {2},
pages = {165--179},
month = feb
}

@article{Kuehn:2014wy,
author = {Kuehn, Christian and Zschaler, Gerd and Gross, Thilo},
title = {{Early warning signs for saddle-escape transitions in complex networks}},
year = {2014},
month = jan
}

@article{Guill:2011vx,
author = {Guill, Christian and Reichardt, Benjamin and Drossel, Barbara and Just, Wolfram},
title = {{Coexisting patterns of population oscillations: the degenerate Neimark-Sacker bifurcation as a generic mechanism.}},
journal = {Phys. Rev. E},
year = {2011},
volume = {83},
number = {2},
pages = {021910},
month = feb
}

@article{Fronhofer:2017jp,
author = {Fronhofer, Emanuel A and Altermatt, Florian},
title = {{Classical metapopulation dynamics and eco-evolutionary feedbacks in dendritic networks}},
journal = {Ecography},
year = {2017},
volume = {47},
pages = {365},
month = jan
}

@article{Kuehn:2010p3380,
author = {Kuehn, C. and Siegmund, S. and Gross, T},
title = {{Dynamical analysis of evolution equations in generalized models}},
journal = {IMA J. Appl. Math.},
year = {2013},
volume = {78},
number = {5},
pages = {1051--1077},
month = sep
}

@article{Secor:2009ena,
author = {Secor, David H and Kerr, Lisa A and Cadrin, Steven X},
title = {{Connectivity effects on productivity, stability, and persistence in a herring metapopulation model}},
journal = {ICES J Mar Sci},
year = {2009},
volume = {66},
number = {8},
pages = {1726--1732},
month = sep
}

@article{Jonsson:2012io,
author = {Jonsson, Bror and Jonsson, Nina and Finstad, Anders G},
title = {{Effects of temperature and food quality on age and size at maturity in ectotherms: an experimental test with Atlantic salmon}},
journal = {J. Anim. Ecol.},
year = {2012},
pages = {n/a--n/a},
month = aug
}

@article{Anderson:2012ug,
author = {Anderson, S C},
title = {{Neutral and nonneutral metapopulation dynamics and the ecological portfolio effect}},
journal = {Notes},
year = {2012},
pages = {1--21},
month = jul
}

@article{Fisher:1994wl,
author = {Fisher, F W},
title = {{Past and Present Status of Central Valley Chinook Salmon}},
journal = {Conserv Biol},
year = {1994},
volume = {8},
number = {3},
pages = {870--873},
month = sep
}

@article{Radchenko:2007tc,
author = {Radchenko, Vladimir I and Temnykh, Olga S and Lapko, Viktor V},
title = {{Trends in abundance and biological characteristics of pink salmon (\emph{Oncorhynchus gorbuscha}) in the North Pacific Ocean}},
journal = {North Pacific Anadromous Fish Commission Bulletin},
year = {2007},
volume = {4},
pages = {7--21}
}

@article{Anderson:2013gb,
author = {Anderson, Sean C and Cooper, Andrew B and Dulvy, Nicholas K},
title = {{Ecological prophets: quantifying metapopulation portfolio effects}},
journal = {Methods Ecol Evol},
year = {2013},
volume = {4},
number = {10},
pages = {971--981}
}

@article{Ronce:2001dp,
author = {Ronce, Oph{\'e}lie and Kirkpatrick, Mark},
title = {{When sources become sinks: migrational meltdown in heterogeneous habitats}},
journal = {Evolution},
year = {2001},
volume = {55},
number = {8},
pages = {1520}
}

@article{Gibert:tz,
author = {Gibert, Jean P and Dell, Anthony I and DeLong, John P and Pawar, Samraat},
title = {{Scaling-up trait variation from individuals to ecosystems 
}},
journal = {Adv Ecol Res},
year = {2015},
volume = {52},
pages = {1--17}
}

@article{Kuehn:2010p2591,
author = {Kuehn, Christian},
title = {{A mathematical framework for critical transitions: bifurcations, fast-slow systems and stochastic dynamics}},
journal = {Physica D},
year = {2011},
volume = {240},
number = {12},
pages = {1020--1035}
}

@article{Anderson1978,
author = {Anderson, Roy M and May, Robert M},
title = {{Regulation and Stability of Host-Parasite Population Interactions: I. Regulatory Processes}},
journal = {J. Anim. Ecol.},
year = {1978},
volume = {47},
pages = {219--247}
}

@article{Candy:2000hu,
author = {Candy, John R and Beacham, Terry D},
title = {{Patterns of homing and straying in southern British Columbia coded-wire tagged Chinook salmon (\emph{Oncorhynchus tshawytscha}) populations}},
journal = {Fish Res},
year = {2000},
volume = {47},
number = {1},
pages = {41--56},
month = jun
}

@article{Gibert:2013hp,
author = {Gibert, Jean P and Pires, Mathias M and Thompson, John N and Guimar{\~a}es Jr, Paulo R},
title = {{The spatial structure of antagonistic species affects coevolution in predictable ways.}},
journal = {Am. Nat.},
year = {2013},
volume = {182},
number = {5},
pages = {578--591},
month = nov
}

@article{Levi:2012ir,
author = {Levi, Taal and Darimont, Chris T and MacDuffee, Misty and Mangel, Marc and Paquet, Paul and Wilmers, Christopher C},
title = {{Using grizzly bears to assess harvest-ecosystem tradeoffs in salmon fisheries}},
journal = {PLoS Biol},
year = {2012},
volume = {10},
number = {4},
pages = {e1001303},
month = apr
}

@article{Boughton:1999fa,
author = {Boughton, David A},
title = {{Empirical evidence for complex source{\textendash}sink dynamics with alternative states in a butterfly metapopulation}},
journal = {Ecology},
year = {1999},
volume = {80},
number = {8},
pages = {2727--2739},
month = dec
}

@article{Lande:2009ff,
author = {Lande, Russell and Engen, Steinar and Saether, Bernt-Erik},
title = {{An evolutionary maximum principle for density-dependent population dynamics in a fluctuating environment.}},
journal = {Philos. T. Roy. Soc. B},
year = {2009},
volume = {364},
number = {1523},
pages = {1511--1518},
month = jun
}

@article{Anderson:2006vz,
author = {Anderson, K E and Paul, A J and McCauley, E and Jackson, L J and Post, J R and Nisbet, R M},
title = {{Instream flow needs in streams and rivers: the importance of understanding ecological dynamics}},
journal = {Front. Ecol. Environ.},
year = {2006},
volume = {4},
number = {6},
pages = {309--318}
}

@article{Berdahl:2016dx,
author = {Berdahl, Andrew},
title = {{Collective behavior as a driver of critical transitions in migratory populations}},
journal = {Movement Ecology},
year = {2016},
volume = {4},
number = {1},
pages = {1--12},
month = jun
}

@article{Merow:2014gu,
author = {Merow, Cory and Dahlgren, Johan P and Metcalf, C Jessica E and Childs, Dylan Z and Evans, Margaret E K and Jongejans, Eelke and Record, Sydne and Rees, Mark and Salguero G{\'o}mez, Roberto and McMahon, Sean M},
title = {{Advancing population ecology with integral projection models: a practical guide}},
journal = {Methods Ecol Evol},
year = {2014},
volume = {5},
number = {2},
pages = {99--110},
month = feb
}

@article{Whiteley:2015dk,
author = {Whiteley, Andrew R and Fitzpatrick, Sarah W and Funk, W Chris and Tallmon, David A},
title = {{Genetic rescue to the rescue}},
journal = {Trends Ecol. Evol.},
year = {2015},
volume = {30},
number = {1},
pages = {42--49},
month = jan
}

@article{Muhlfeld:2014hs,
author = {Muhlfeld, Clint C and Kovach, Ryan P and Jones, Leslie A and Al-Chokhachy, Robert and Boyer, Matthew C and Leary, Robb F and Lowe, Winsor H and Luikart, Gordon and Allendorf, Fred W},
title = {{Invasive hybridization in a threatened species is accelerated by climate change}},
journal = {Nature Climate Change},
year = {2014},
volume = {4},
number = {7},
pages = {620--624},
month = jul
}

@article{Lande:1976ga,
author = {Lande, Russell},
title = {{Natural selection and random genetic drift in phenotypic evolution}},
journal = {Evolution},
year = {1976},
volume = {30},
number = {2},
pages = {314--334},
month = jun
}

@article{Shelton:2014cr,
author = {Shelton, Andrew Olaf and Thorson, James T and Ward, Eric J and Feist, Blake E},
title = {{Spatial semiparametric models improve estimates of species abundance and distribution}},
journal = {Can. J. Fish. Aquat. Sci.},
year = {2014},
volume = {71},
number = {11},
pages = {1--12},
month = jul
}

@article{Simon:2003et,
author = {Simon, Kevin S and Townsend, Colin R},
title = {{Impacts of freshwater invaders at different levels of ecological organisation, with emphasis on salmonids and ecosystem consequences}},
journal = {Freshwater Biol.},
year = {2003},
volume = {48},
number = {6},
pages = {982--994},
month = jun
}

@article{Guill:2011bf,
author = {Guill, Christian and Drossel, Barbara and Just, Wolfram and Carmack, Eddy},
title = {{A three-species model explaining cyclic dominance of Pacific salmon}},
journal = {J. Theor. Biol.},
year = {2011},
volume = {276},
number = {1},
pages = {16--21},
month = may
}

@article{Dorner:2008id,
author = {Dorner, Brigitte and Peterman, Randall M and Haeseker, Steven L},
title = {{Historical trends in productivity of 120 Pacific pink, chum, and sockeye salmon stocks reconstructed by using a Kalman filter}},
journal = {Can. J. Fish. Aquat. Sci.},
year = {2008},
volume = {65},
number = {9},
pages = {1842--1866},
month = sep
}

@book{simpson1953major,
author = {Simpson, G G},
title = {{The Major Features of Evolution}},
publisher = {Simon and Schuster},
year = {1953},
address = {New York}
}

@article{Shelton:2010ur,
author = {Shelton, AO},
title = {{The Ecological and Evolutionary Drivers of Female-Biased Sex Ratios: Two-Sex Models of Perennial Seagrasses}},
journal = {Am. Nat.},
year = {2010},
volume = {175},
number = {3},
pages = {302--315}
}

@article{Liermann:2017gj,
author = {Liermann, Martin and PESS, GEORGE and McHenry, Mike and McMillan, John and Elofson, Mel and Bennett, Todd and Moses, Raymond},
title = {{Relocation and recolonization of Coho salmon \emph{Oncorhynchus kisutch} in two tributaries to the elwha river: Implications for management and monitoring}},
journal = {T Am Fish Soc},
year = {2017},
volume = {17},
number = {5},
pages = {1--39},
month = apr
}

@book{Jonsson:2011kg,
author = {Jonsson, Bror and Jonsson, Nina},
title = {{Ecology of Atlantic Salmon and Brown Trout}},
publisher = {Springer Netherlands},
year = {2011},
address = {Dordrecht},
month = may
}

@article{Schtickzelle:2007wb,
author = {Schtickzelle, Nicolas and Quinn, Thomas P},
title = {{A metapopulation perspective for salmon and other anadromous fish}},
journal = {Fish Fish.},
year = {2007},
volume = {8},
number = {4},
pages = {297--314}
}

@article{Earn:2000fm,
author = {Earn, David J D and Levin, Simon A and Rohani, Pejman},
title = {{Coherence and conservation}},
journal = {Science},
year = {2000},
volume = {290},
number = {5495},
pages = {1360--1364},
month = jan
}

@article{Hinz:2017ew,
author = {Hinz, Robert C and de Polavieja, Gonzalo G},
title = {{Ontogeny of collective behavior reveals a simple attraction rule.}},
journal = {PNAS},
year = {2017},
volume = {114},
number = {9},
pages = {2295--2300},
month = feb
}

@article{Yeakel:2013vz,
author = {Yeakel, Justin D and Moore, J W and Guimar{\~a}es Jr, Paulo R and de Aguiar, M A M},
title = {{Synchronisation and stability in river metapopulation networks}},
journal = {Ecol. Lett.},
year = {2014},
volume = {17},
number = {3},
pages = {273--283}
}

@article{Ciancio:2008p3440,
author = {Ciancio, JE and Pascual, MA and Botto, F and Frere, E and Iribarne, O},
title = {{Trophic relationships of exotic anadromous salmonids in the southern Patagonian Shelf as inferred from stable isotopes}},
journal = {Limnology and Oceanography},
year = {2008},
volume = {53},
number = {2},
pages = {788--798}
}

@book{Hanski:1999vu,
author = {Hanski, Ilkka},
title = {{Metapopulation Ecology}},
publisher = {Oxford University Press},
year = {1999},
address = {Oxford},
month = mar
}

@article{Pess:2014isa,
author = {Pess, G R and Quinn, T P and Gephard, S R and Saunders, R},
title = {{Re-colonization of Atlantic and Pacific rivers by anadromous fishes: linkages between life history and the benefits of barrier removal}},
journal = {Rev Fish Biol Fisher},
year = {2014},
volume = {24},
number = {3},
pages = {881--900},
month = jan
}

@article{Hatton:2015fk,
author = {Hatton, Ian A and McCann, Kevin S and Fryxell, John M and Davies, T Jonathan and Smerlak, Matteo and Sinclair, Anthony R E and Loreau, Michel},
title = {{The predator-prey power law: Biomass scaling across terrestrial and aquatic biomes.}},
journal = {Science},
year = {2015},
volume = {349},
number = {6252},
pages = {aac6284--aac6284},
month = sep
}

@article{Waples:2008kp,
author = {Waples, Robin S and Pess, George R and Beechie, Tim},
title = {{Evolutionary history of Pacific salmon in dynamic environments}},
journal = {Evol Appl},
year = {2008},
volume = {1},
number = {2},
pages = {189--206},
month = may
}

@article{Schreiber:2011wx,
author = {Schreiber, Sebastian J and B{\"u}rger, Reinhard and Bolnick, Daniel I},
title = {{The community effects of phenotypic and genetic variation within a predator population.}},
journal = {Ecology},
year = {2011},
volume = {92},
number = {8},
pages = {1582--1593},
month = aug
}

@article{Moore:2008vk,
author = {Moore, Jonathan W and Schindler, Daniel E and Ruff, Casey P},
title = {{Habitat saturation drives thresholds in stream subsidies.}},
journal = {Ecology},
year = {2008},
volume = {89},
number = {2},
pages = {306--312},
month = feb
}

@article{Anonymous:2014ku,
author = {Griffiths, Jennifer R and Schindler, Daniel E and Armstrong, Jonathan B and Scheuerell, Mark D and Whited, Diane C and Clark, Robert A and Hilborn, Ray and Holt, Carrie A and Lindley, Steven T and Stanford, Jack A and Volk, Eric C},
title = {{Performance of salmon fishery portfolios across western North America}},
journal = {J. Appl. Ecol.},
year = {2014},
volume = {51},
number = {6},
pages = {n/a--n/a}
}

@article{Drown:2013fb,
author = {Drown, Devin M and Dybdahl, Mark F and Gomulkiewicz, Richard},
title = {{CONSUMER{\textendash}RESOURCE INTERACTIONS AND THE EVOLUTION OF MIGRATION}},
journal = {Evolution},
year = {2013},
volume = {67},
number = {11},
pages = {3290--3304},
month = nov
}

@article{Gomulkiewicz:2007gu,
author = {Gomulkiewicz, R and Drown, D M and Dybdahl, M F and Godsoe, W and Nuismer, S L and Pepin, K M and Ridenhour, B J and Smith, C I and Yoder, J B},
title = {{Dos and don'ts of testing the geographic mosaic theory of coevolution}},
journal = {Heredity},
year = {2007},
volume = {98},
number = {5},
pages = {249--258},
month = mar
}

@article{Bett:2017ha,
author = {Bett, Nolan N and Hinch, Scott G and Burnett, Nicholas J and Donaldson, Michael R and Naman, Sean M},
title = {{Causes and consequences of straying into small populations of Pacific salmon}},
journal = {Fisheries},
year = {2017},
volume = {42},
number = {4},
pages = {220--230},
month = mar
}

@article{Krkosek:2011ds,
author = {Krkosek, M and Hilborn, R and Peterman, R M and Quinn, T P},
title = {{Cycles, stochasticity and density dependence in pink salmon population dynamics}},
journal = {Proc. Roy. Soc. B},
year = {2011},
volume = {278},
number = {1714},
pages = {2060--2068},
month = may
}

@article{Bond:2016dz,
author = {Bond, Morgan H and Westley, Peter A H and Dittman, Andrew H and Holecek, Dean and Marsh, Tiffani and Quinn, Thomas P},
title = {{Combined effects of barge transportation, river environment, and rearing location on straying and migration of adult snake river fall-run Chinook salmon}},
journal = {T Am Fish Soc},
year = {2016},
volume = {146},
number = {1},
pages = {60--73},
month = dec
}

@article{Schindler:2015gf,
author = {Schindler, Daniel E and Armstrong, Jonathan B and Reed, Thomas E},
title = {{The portfolio concept in ecology and evolution}},
journal = {Front. Ecol. Environ.},
year = {2015},
volume = {13},
number = {5},
pages = {257--263},
month = jun
}

@article{Shelton:2011eq,
author = {Shelton, Andrew O and Mangel, Marc},
title = {{Fluctuations of fish populations and the magnifying effects of fishing.}},
journal = {Proc. Natl. Acad. Sci. USA},
year = {2011},
volume = {108},
number = {17},
pages = {7075--7080},
month = apr
}

@article{Meinhardt:2012hw,
author = {Meinhardt, Hans},
title = {{Turing's theory of morphogenesis of 1952 and the subsequent discovery of the crucial role of local self-enhancement and long-range inhibition}},
journal = {Interface Focus},
year = {2012},
volume = {2},
number = {4},
pages = {407--416}
}

@article{Yeakel:2014tj,
author = {Yeakel, Justin D and Mangel, Marc},
title = {{A generalized perturbation approach for exploring stock recruitment relationships}},
journal = {Theor. Ecol.},
year = {2014},
volume = {8},
number = {1},
pages = {1--13}
}

@article{Kovach:2013dj,
author = {Kovach, Ryan P and Joyce, John E and Echave, Jesse D and Lindberg, Mark S and Tallmon, David A},
title = {{Earlier Migration Timing, Decreasing Phenotypic Variation, and Biocomplexity in Multiple Salmonid Species}},
journal = {PLoS ONE},
year = {2013},
volume = {8},
number = {1},
pages = {e53807},
month = jan
}

@article{Shelton:2012ef,
author = {Shelton, Andrew O and Mangel, Marc},
title = {{Estimating von Bertalanffy parameters with individual and environmental variations in growth}},
journal = {Journal of Biological Dynamics},
year = {2012},
volume = {6},
number = {sup2},
pages = {3--30},
month = sep
}

@book{AleksandrovichKuznetsov:1995p2580,
author = {Kuznetsov, Y.A.},
title = {{Elements of applied bifurcation theory}},
publisher = {Springer},
year = {1998},
address = {New York}
}

@article{Keefer:2014gg,
author = {Keefer, Matthew L and Caudill, Christopher C},
title = {{Homing and straying by anadromous salmonids: a review of mechanisms and rates}},
journal = {Rev Fish Biol Fisher},
year = {2014},
volume = {24},
number = {1},
pages = {333--368}
}

@article{Loeuille:2005bg,
author = {Loeuille, N and Loreau, M},
title = {{Evolutionary emergence of size-structured food webs}},
journal = {Proc. Natl. Acad. Sci. USA},
year = {2005},
volume = {102},
number = {16},
pages = {5761--5766},
month = apr
}

@article{Mangel:2008tl,
author = {Mangel, M and Satterthwaite, W H},
title = {{Combining proximate and ultimate approaches to understand life history variation in salmonids with application to fisheries, conservation, and aquaculture}},
journal = {B. Mar. Sci.},
year = {2008},
volume = {83},
number = {1},
pages = {107--130}
}

@article{Dakos:2015dp,
author = {Dakos, Vasilis and K{\'e}fi, Sonia and Rietkerk, Max and van Nes, Egbert H and Scheffer, Marten},
title = {{Slowing Down in Spatially Patterned Ecosystems at the Brink of Collapse}},
journal = {http://dx.doi.org.proxy.lib.sfu.ca/10.1086/679735},
year = {2015},
volume = {177},
number = {6},
pages = {E153--E166},
month = jul
}

@article{Smith:2001uc,
author = {Smith, C T and Nelson, R J and Wood, C C and Koop, B F},
title = {{Glacial biogeography of North American Coho salmon (\emph{Oncorhynchus kisutch}).}},
journal = {Mol. Ecol.},
year = {2001},
volume = {10},
number = {12},
pages = {2775--2785},
month = dec
}

@article{Olff:2009tk,
author = {Olff, H and Alonso, D and Berg, MP and Eriksson, BK and Loreau, M and Piersma, T and Rooney, N},
title = {{Parallel ecological networks in ecosystems}},
journal = {Philos. T. Roy. Soc. B},
year = {2009},
volume = {364},
number = {1524},
pages = {1755}
}

@article{Anonymous:2015ee,
author = {Schindler, Daniel E and Hilborn, Ray},
title = {{Sustainability. Prediction, precaution, and policy under global change.}},
journal = {Science},
year = {2015},
volume = {347},
number = {6225},
pages = {953--954},
month = feb
}

@article{Pess:2014is,
author = {Pess, G R and Quinn, T P and Gephard, S R and Saunders, R},
title = {{Re-colonization of Atlantic and Pacific rivers by anadromous fishes: linkages between life history and the benefits of barrier removal}},
journal = {Rev Fish Biol Fisher},
year = {2014},
volume = {24},
number = {3},
pages = {881--900},
month = jan
}

@article{Young:1999ut,
author = {Young, Kyle A},
title = {{Managing the decline of Pacific salmon: metapopulation theory and artificial recolonization as ecological mitigation}},
journal = {Can. J. Fish. Aquat. Sci.},
year = {1999},
volume = {56},
number = {9},
pages = {1700--1706}
}

@article{Quinn:2014bg,
author = {Quinn, Thomas P and Cunningham, Curry J and Randall, Jessica and Hilborn, Ray},
title = {{Can intense predation by bears exert a depensatory effect on recruitment in a Pacific salmon population?}},
journal = {Oecologia},
year = {2014},
volume = {176},
number = {2},
pages = {1--12},
month = aug
}

@article{Falcy:2014en,
author = {Falcy, Matthew R},
title = {{Density-dependent habitat selection of spawning Chinook salmon: broad-scale evidence and implications}},
journal = {J. Anim. Ecol.},
year = {2014},
volume = {84},
number = {2},
pages = {n/a--n/a},
month = oct
}

@article{Shelton:2014br,
author = {Shelton, Andrew Olaf and Samhouri, Jameal F and Stier, Adrian C and Levin, Philip S},
title = {{Assessing trade-offs to inform ecosystem-based fisheries management of forage fish}},
journal = {Sci. Rep.},
year = {2014},
volume = {4},
pages = {7110},
month = nov
}

@article{Guill:2014he,
author = {Guill, Christian and Carmack, Eddy and Drossel, Barbara},
title = {{Exploring cyclic dominance of sockeye salmon with a predator{\textendash}prey model}},
journal = {Can. J. Fish. Aquat. Sci.},
year = {2014},
volume = {71},
number = {7},
pages = {959--972},
month = mar
}

@article{Kuehn:2010tx,
author = {Kuehn, C. and Siegmund, S. and Gross, T},
title = {{On the dynamical analysis of evolution equations via generalized models}},
journal = {Arxiv preprint arXiv:1012.4340},
year = {2010}
}

@article{Thompson:2015hq,
author = {Thompson, John N},
title = {{Specific Hypotheses on the Geographic Mosaic of Coevolution.}},
journal = {Am. Nat.},
year = {1999},
volume = {153},
number = {S5},
pages = {S1--S14}
}

@article{Guimaraes:2011hu,
author = {Guimar{\~a}es Jr, Paulo R and Jordano, Pedro and Thompson, John N},
title = {{Evolution and coevolution in mutualistic networks.}},
journal = {Ecol. Lett.},
year = {2011},
volume = {14},
number = {9},
pages = {877--885},
month = sep
}

@article{Holling:1973hr,
author = {Holling, C S},
title = {{Resilience and Stability of Ecological Systems}},
journal = {Annu. Rev. Ecol. Syst.},
year = {1973},
volume = {4},
number = {1},
pages = {1--23},
month = nov
}

@article{Lande:1979fk,
author = {Lande, Russell},
title = {{Quantitative Genetic Analysis of Multivariate Evolution, Applied to Brain: Body Size Allometry}},
journal = {Evolution},
year = {1979},
volume = {33},
number = {1},
pages = {402--416},
month = mar
}

@article{Hilborn:2003gf,
author = {Hilborn, Ray and Quinn, Thomas P and Schindler, Daniel E and Rogers, Donald E},
title = {{Biocomplexity and fisheries sustainability.}},
journal = {Proc. Natl. Acad. Sci. USA},
year = {2003},
volume = {100},
number = {11},
pages = {6564--6568},
month = may
}

@article{Anonymous:2008bm,
author = {Rogers, Lauren A and Schindler, Daniel E},
title = {{Asynchrony in Population Dynamics of Sockeye Salmon in Southwest Alaska}},
journal = {Oikos},
year = {2008},
volume = {117},
number = {10},
pages = {1578--1586},
month = oct
}

@article{Quinn:1993ge,
author = {Quinn, Thomas P},
title = {{A review of homing and straying of wild and hatchery-produced salmon}},
journal = {Fish Res},
year = {1993},
volume = {18},
number = {1-2},
pages = {29--44},
month = oct
}

@article{Berdahl:2015kv,
author = {Berdahl, Andrew and Torney, Colin J and Schertzer, Emmanuel and Levin, Simon A},
title = {{On the evolutionary interplay between dispersal and local adaptation in heterogeneous environments}},
journal = {Evolution},
year = {2015},
volume = {69},
number = {6},
pages = {1390--1405},
month = jun
}

@article{Denton:2010dd,
author = {Denton, K P and Rich Jr., H B and Moore, J W and Quinn, T P},
title = {{The utilization of a Pacific salmon Oncorhynchus nerka subsidy by three populations of charr Salvelinus spp.}},
journal = {Journal of Fish Biology},
year = {2010},
volume = {77},
number = {4},
pages = {1006--1023},
month = aug
}

@article{Peterson:2014gy,
author = {Peterson, Daniel A and Hilborn, Ray and Hauser, Lorenz},
title = {{Local adaptation limits lifetime reproductive success of dispersers in a wild salmon metapopulation}},
journal = {Nat Commun},
year = {2014},
volume = {5},
pages = {3696},
month = apr
}

@article{Lande:1988p849,
author = {Lande, R},
title = {{Genetics and demography in biological conservation}},
journal = {Science},
year = {1988},
volume = {241},
number = {4872},
pages = {1455}
}

@article{Johnson:2012fe,
author = {Johnson, Rachel C and Weber, Peter K and Wikert, John D and Workman, Michelle L and MacFarlane, R Bruce and Grove, Marty J and Schmitt, Axel K},
title = {{Managed metapopulations: do salmon hatchery {\textquoteleft}sources{\textquoteright} lead to in-river {\textquoteleft}sinks{\textquoteright} in conservation?}},
journal = {PLoS ONE},
year = {2012},
volume = {7},
number = {2},
pages = {e28880--11},
month = feb
}

@article{Andersen:2009ba,
author = {Andersen, K H and Beyer, J E and Lundberg, P},
title = {{Trophic and individual efficiencies of size-structured communities}},
journal = {Proc. Roy. Soc. B},
year = {2009},
volume = {276},
number = {1654},
pages = {109--114},
month = jan
}

@article{Kuehn:2011wb,
author = {Kuehn, Christian},
title = {{Time-Scale and Noise Optimality in Self-Organized Critical Adaptive Networks}},
journal = {arXiv},
year = {2011},
eprint = {1110.5433v1},
eprinttype = {arxiv},
eprintclass = {nlin.AO},
month = oct
}

@article{Schreiber:2010hv,
author = {Schreiber, Sebastian J and Bena{\"\i}m, Michel and Atchad{\'e}, Kolawol{\'e} A S},
title = {{Persistence in fluctuating environments}},
journal = {J Math Biol},
year = {2010},
volume = {62},
number = {5},
pages = {655--683},
month = jun
}

@article{Anonymous:2016jc,
author = {Nesbitt, Holly K and Moore, Jonathan W},
title = {{Species and population diversity in Pacific salmon fisheries underpin indigenous food security}},
journal = {J. Appl. Ecol.},
year = {2016},
month = jul
}

@article{Keefer:2008bs,
author = {Keefer, Matthew L and Caudill, Christopher C and Peery, Christopher A and Lee, Steven R},
title = {{Transporting juvenile salmonids around dams impairs adult migration}},
journal = {Ecol. Appl.},
year = {2008},
volume = {18},
number = {8},
pages = {1888--1900},
month = dec
}

@phdthesis{Anderson:2015uq,
author = {Anderson, S C},
title = {{Variance and extreme events in population ecology}},
year = {2015},
month = mar
}

@article{Rees:2014cp,
author = {Rees, Mark and Childs, Dylan Z and Ellner, Stephen P},
title = {{Building integral projection models: a user{\&}apos;s guide}},
journal = {J. Anim. Ecol.},
year = {2014},
volume = {83},
number = {3},
pages = {528--545},
month = may
}

@article{Braun:2016ib,
author = {Braun, Douglas C and Moore, Jonathan W and Candy, John and Bailey, Richard E},
title = {{Population diversity in salmon: linkages among response, genetic and life history diversity}},
journal = {Ecography},
year = {2016},
volume = {39},
number = {3},
pages = {317--328},
month = mar
}

@article{Loreau:2013ka,
author = {Loreau, Michel and Mazancourt, Claire},
title = {{Biodiversity and ecosystem stability: a synthesis of underlying mechanisms}},
journal = {Ecol. Lett.},
year = {2013},
volume = {16},
number = {s1},
pages = {106--115},
month = may
}

@article{Waples:2009wz,
author = {Waples, R S and Beechie, T and Pess, G R},
title = {{Evolutionary history, habitat disturbance regimes, and anthropogenic changes: what do these mean for resilience of Pacific salmon populations}},
journal = {Ecology and Society},
year = {2009},
volume = {14},
number = {1},
pages = {3}
}

@article{Satterthwaite:2015ge,
author = {Satterthwaite, William H and Carlson, Stephanie M and Bradbury, Ian},
title = {{Weakening portfolio effect strength in a hatchery-supplemented Chinook salmon population complex}},
journal = {Can. J. Fish. Aquat. Sci.},
year = {2015},
volume = {72},
number = {12},
pages = {1860--1875},
month = dec
}

@article{Anonymous:2016ez,
author = {Gibert, Jean P and Chelini, Marie-Claire and Rosenthal, Malcolm F and DeLong, John P},
title = {{Crossing regimes of temperature dependence in animal movement.}},
journal = {Glob. Change Biol.},
year = {2016},
volume = {22},
number = {5},
pages = {n/a--n/a},
month = feb
}

@book{Thompson:2005wf,
author = {Thompson, John N},
title = {{The Geographic Mosaic of Coevolution}},
publisher = {University of Chicago Press},
year = {2005},
month = jun
}

@article{Anderson:1979p2681,
author = {Anderson, RM and May, RM},
title = {{Population biology of infectious diseases: Part I}},
journal = {Nature},
year = {1979},
volume = {280},
number = {5721},
pages = {361--367}
}

@article{Carlson:2008hl,
author = {Carlson, Stephanie M and Seamons, Todd R},
title = {{A review of quantitative genetic components of fitness in salmonids: implications for adaptation to future change}},
journal = {Evol Appl},
year = {2008},
volume = {1},
number = {2},
pages = {222--238},
month = apr
}

@article{Anonymous:2013br,
author = {Boettiger, Carl and Ross, Noam and Hastings, Alan},
title = {{Early warning signals: the charted and uncharted territories}},
journal = {Theor. Ecol.},
year = {2013},
volume = {6},
number = {3},
pages = {255--264},
month = aug
}

@article{Doucett:1999bz,
author = {Doucett, R R and Booth, R K and Power, G and McKinley, R S},
title = {{Effects of the spawning migration on the nutritional status of anadromous Atlantic salmon (\emph{Salmo salar}): insights from stable-isotope analysis}},
journal = {Can. J. Fish. Aquat. Sci.},
year = {1999},
volume = {56},
number = {11},
pages = {2172--2180},
month = nov
}

@book{Endler:1986tz,
author = {Endler, John A},
title = {{Natural Selection in the Wild}},
publisher = {Princeton University Press},
year = {1986}
}

@article{Moore:2010gs,
author = {Moore, Jonathan W and McClure, Michelle and Rogers, Lauren A and Schindler, Daniel E},
title = {{Synchronization and portfolio performance of threatened salmon}},
journal = {Conserv. Lett.},
year = {2010},
volume = {3},
number = {5},
pages = {340--348},
month = apr
}

@article{Carlson:2014is,
author = {Carlson, Stephanie M and Cunningham, Curry J and Westley, Peter A H},
title = {{Evolutionary rescue in a changing world}},
journal = {Trends Ecol. Evol.},
year = {2014},
volume = {29},
number = {9},
pages = {521--530},
month = sep
}

@article{Moore:2014cq,
author = {Moore, Jonathan W and Beakes, Michael P and Nesbitt, Holly K and Yeakel, Justin D and Patterson, David A and Thompson, Lisa A and Phillis, Corey C and Braun, Douglas C and Favaro, Corinna and Scott, David and Carr-Harris, Charmaine and Atlas, William I},
title = {{Emergent stability in a large, free-flowing watershed}},
journal = {Ecology},
year = {2015},
volume = {96},
number = {2},
pages = {340--347}
}

@article{Wang:2014ec,
author = {Wang, Shaopeng and Loreau, Michel},
title = {{Ecosystem stability in space: $\alpha$, $\beta$ and $\gamma$ variability}},
journal = {Ecol. Lett.},
year = {2014},
volume = {17},
number = {8},
pages = {891--901},
month = may
}

@article{Fussmann:2007fo,
author = {Fussmann, G. F. and Loreau, M and Abrams, P. A.},
title = {{Eco-Evolutionary Dynamics of Communities and Ecosystems}},
journal = {Funct. Ecol.},
year = {2007},
volume = {21},
number = {3},
pages = {465--477},
month = jun
}

@article{AndersonMay86,
author = {Anderson, R M and May, R M and Joysey, K and Mollison, D and Conway, G R and Cartwell, R and Thompson, H V and Dixon, B},
title = {{The Invasion, Persistence and Spread of Infectious Diseases within Animal and Plant Communities [and Discussion]}},
journal = {Philos. T. Roy. Soc. B},
year = {1986},
volume = {314},
pages = {533--570}
}

@article{Ovaskainen:2002il,
author = {Ovaskainen, Otso and Hanski, Ilkka},
title = {{Transient dynamics in metapopulation response to perturbation}},
journal = {Theor Popul Biol},
year = {2002},
volume = {61},
number = {3},
pages = {285--295},
month = may
}

@article{Araki:2007cm,
author = {Araki, Hitoshi and Cooper, Becky and Blouin, Michael S},
title = {{Genetic effects of captive breeding cause a rapid, cumulative fitness decline in the wild}},
journal = {Science},
year = {2007},
volume = {318},
number = {5847},
pages = {100--103},
month = oct
}

@article{Osterback:2013bz,
author = {Osterback, Ann-Marie K and Frechette, Danielle M and Shelton, Andrew O and Hayes, Sean A and Bond, Morgan H and Moore, Jonathan W and Shaffer, Scott A},
title = {{High predation on small populations: avian predation on imperiled salmonids}},
journal = {Ecosphere},
year = {2013},
volume = {27},
number = {5},
pages = {n/a--n/a},
month = may
}

@article{Anderson:2014cx,
author = {Anderson, Sean C and Moore, Jonathan W and McClure, Michelle M and Dulvy, Nicholas K and Cooper, Andrew B},
title = {{Portfolio conservation of metapopulations under climate change}},
journal = {Ecol. Appl.},
year = {2015},
volume = {25},
number = {2},
pages = {559--572}
}

@article{Nuismer:2006be,
author = {Nuismer, Scott L and Thompson, John N},
title = {{Coevolutionary alternation in antagonistic interactions.}},
journal = {Evolution},
year = {2006},
volume = {60},
number = {11},
pages = {2207--2217},
month = nov
}

@article{Grimm:2004ko,
author = {Grimm, Volker and Wissel, Christian},
title = {{The intrinsic mean time to extinction: a unifying approach to analysing persistence and viability of populations}},
journal = {Oikos},
year = {2004},
volume = {105},
number = {3},
pages = {501--511},
month = jun
}

@article{Earn:2006dl,
author = {Earn, David J D and Levin, Simon A},
title = {{Global asymptotic coherence in discrete dynamical systems.}},
journal = {Proc. Natl. Acad. Sci. USA},
year = {2006},
volume = {103},
number = {11},
pages = {3968--3971},
month = mar
}

@article{Consuegra:2002wx,
author = {Consuegra, S and Garc{\'\i}a de Le{\'a}niz, C and Serdio, A and Gonz{\'a}lez Morales, M and Straus, L G and Knox, D and Verspoor, E},
title = {{Mitochondrial DNA variation in Pleistocene and modern Atlantic salmon from the Iberian glacial refugium.}},
journal = {Mol. Ecol.},
year = {2002},
volume = {11},
number = {10},
pages = {2037--2048},
month = oct
}

@article{Brenner:2012gl,
author = {Brenner, Richard E and Moffitt, Steve D and Grant, William S},
title = {{Straying of hatchery salmon in Prince William Sound, Alaska}},
journal = {Environ Biol Fish},
year = {2012},
volume = {94},
number = {1},
pages = {179--195},
month = feb
}

@article{Rogers:2013fm,
author = {Rogers, Lauren A and Schindler, Daniel E and Lisi, Peter J and Holtgrieve, Gordon W and Leavitt, Peter R and Bunting, Lynda and Finney, Bruce P and Selbie, Daniel T and Chen, Guangjie and Gregory-Eaves, Irene},
title = {{Centennial-scale fluctuations and regional complexity characterize Pacific salmon population dynamics over the past five centuries}},
journal = {Proc. Natl. Acad. Sci. USA},
year = {2013},
volume = {110},
number = {5},
pages = {1750--1755}
}

@article{Scheuerell:2005je,
author = {Scheuerell, Mark D and Levin, Phillip S. and Zabel, Richard W and Williams, John G and Sanderson, Beth L},
title = {{A new perspective on the importance of marine-derived nutrients to threatened stocks of Pacific salmon ( Oncorhynchusspp.)}},
journal = {Can. J. Fish. Aquat. Sci.},
year = {2005},
volume = {62},
number = {5},
pages = {961--964},
month = may
}

@article{Reshef:2011if,
author = {Reshef, D N and Reshef, Y A and Finucane, H K and Grossman, S R and McVean, G and Turnbaugh, P J and Lander, E S and Mitzenmacher, M and Sabeti, P C},
title = {{Detecting Novel Associations in Large Data Sets}},
journal = {Science},
year = {2011},
volume = {334},
number = {6062},
pages = {1518--1524},
month = dec
}

@article{Kylafis:2011p3417,
author = {Kylafis, Grigoris and Loreau, Michel},
title = {{Niche construction in the light of niche theory}},
journal = {Ecol. Lett.},
year = {2011},
volume = {14},
pages = {82--90}
}

@article{Nuismer:1999ko,
author = {Nuismer, Scott L and Thompson, John N and Gomulkiewicz, Richard},
title = {{Gene flow and geographically structured coevolution}},
journal = {Proc Biol Sci},
year = {1999},
volume = {266},
number = {1419},
pages = {605--609},
month = mar
}

@article{Simons:2004jo,
author = {Simons, A M},
title = {{Many wrongs: The advantage of group navigation}},
journal = {Trends Ecol. Evol.},
year = {2004},
volume = {19},
number = {9},
pages = {453--455},
month = sep
}

@article{Anderson2004,
author = {Andersen, T and Elser, JJ and Hessen, DOster},
title = {{Stoichiometry and population dynamics}},
journal = {Ecol. Lett.},
volume = {{7}},
pages = {{884--900}}
}

@article{Nuismer:2000bb,
author = {Nuismer, S L and Thompson, J N and Gomulkiewicz, R},
title = {{Coevolutionary clines across selection mosaics.}},
journal = {Evolution},
year = {2000},
volume = {54},
number = {4},
pages = {1102--1115},
month = aug
}

@article{Westley:2015to,
author = {Westley, Peter A H and Dittman, Andrew H and Ward, Eric J and Quinn, Thomas P},
title = {{Signals of climate, conspecific density, and watershed features in patterns of homing and dispersal by Pacific salmon.}},
journal = {Ecology},
year = {2015},
volume = {96},
number = {10},
pages = {2823--2833},
month = oct
}

@article{Westley:2012ui,
author = {Westley, Peter A H and { Corinne M. Conway} and Fleming, Ian A},
title = {{Phenotypic divergence of exotic fish populations is shaped by spatial proximity and habitat differences across an invaded landscape}},
journal = {Evol. Ecol. Res.},
year = {2012},
volume = {14},
number = {2},
pages = {147--167}
}

@article{Scheffer:2009gg,
author = {Scheffer, Marten and Bascompte, Jordi and Brock, William A and Brovkin, Victor and Carpenter, Stephen R and Dakos, Vasilis and Held, Hermann and van Nes, Egbert H and Rietkerk, Max and Sugihara, George},
title = {{Early-warning signals for critical transitions}},
journal = {Nature},
year = {2009},
volume = {461},
number = {7260},
pages = {53--59},
month = sep
}

@article{Thompson:2002hr,
author = {Thompson, John N and Cunningham, Bradley M},
title = {{Geographic structure and dynamics of coevolutionary selection}},
journal = {Nature},
year = {2002},
volume = {417},
number = {6890},
pages = {735--738},
month = jun
}

@article{JPE:JPE1383,
author = {Schick, Robert S and Lindley, Steven T},
title = {{Directed connectivity among fish populations in a riverine network}},
journal = {J. Appl. Ecol.},
year = {2007},
volume = {44},
number = {6},
pages = {1116--1126}
}

@article{Carlson:2011ce,
author = {Carlson, Stephanie Marie and Satterthwaite, William Hallowell and Fleming, Ian A},
title = {{Weakened portfolio effect in a collapsed salmon population complex}},
journal = {Can. J. Fish. Aquat. Sci.},
year = {2011},
volume = {68},
number = {9},
pages = {1579--1589},
month = sep
}

@article{Schreiber:2008cv,
author = {Schreiber, Sebastian and Rudolf, Volker H W},
title = {{Crossing habitat boundaries: coupling dynamics of ecosystems through complex life cycles.}},
journal = {Ecol. Lett.},
year = {2008},
volume = {11},
number = {6},
pages = {576--587},
month = jun
}

@article{Moore:2007vw,
author = {Moore, JW and Schindler, DE and Carter, JL and Fox, J and Griffiths, J},
title = {{Biotic control of stream fluxes: spawning salmon drive nutrient and matter export}},
journal = {Ecology},
year = {2007}
}

@article{Anonymous:2014ip,
author = {Wilson White, J and Botsford, Louis W and Hastings, Alan and Holland, Matthew D},
title = {{Stochastic models reveal conditions for cyclic dominance in sockeye salmon populations}},
journal = {Ecol. Monogr.},
year = {2014},
volume = {84},
number = {1},
pages = {69--90},
month = feb
}

@article{Berdahl:2014bl,
author = {Berdahl, Andrew and Westley, Peter A H and Levin, Simon A and Couzin, Iain D and Quinn, Thomas P},
title = {{A collective navigation hypothesis for homeward migration in anadromous salmonids}},
journal = {Fish Fish.},
year = {2014},
volume = {17},
number = {2},
pages = {525--542},
month = jun
}

@book{Hendry:2016un,
author = {Hendry, Andrew P},
title = {{Eco-evolutionary Dynamics}},
publisher = {Princeton University Press},
year = {2016},
month = nov
}

@article{Gilbert:2014ee,
author = {Gibert, Jean P and Brassil, Chad E},
title = {{Individual phenotypic variation reduces interaction strengths in a consumer{\textendash}resource system}},
journal = {Ecol Evol},
year = {2014},
volume = {4},
number = {18},
pages = {3703--3713}
}

@article{Abbott:2017hl,
author = {Abbott, Ronald E and Doak, Daniel F and Peterson, Megan L},
title = {{Portfolio effects, climate change, and the persistence of small populations: analyses on the rare plant Saussurea weberi.}},
journal = {Ecology},
year = {2017},
volume = {98},
number = {4},
pages = {1071--1081},
month = apr
}

@article{Dakos:2014br,
author = {Dakos, Vasilis and Bascompte, Jordi},
title = {{Critical slowing down as early warning for the onset of collapse in mutualistic communities}},
journal = {Proc. Natl. Acad. Sci. USA},
year = {2014},
volume = {111},
number = {49},
pages = {17546--17551},
month = nov
}

@article{Brown:1977gk,
author = {Brown, James H and Kodric-Brown, Astrid},
title = {{Turnover rates in insular biogeography: effect of immigration on extinction}},
journal = {Ecology},
year = {1977},
volume = {58},
number = {2},
pages = {445--449},
month = mar
}

@article{Thebault:2007kw,
author = {Th{\'e}bault, Elisa and Huber, Veronika and Loreau, Michel},
title = {{Cascading extinctions and ecosystem functioning: contrasting effects of diversity depending on food web structure}},
journal = {Oikos},
year = {2007},
volume = {116},
number = {1},
pages = {163--173},
month = jan
}

@article{Engen:2002jk,
author = {Engen, S and Lande, R and Saether, B E},
title = {{The spatial scale of population fluctuations and quasi-extinction risk}},
journal = {Am. Nat.},
year = {2002},
volume = {160},
number = {4},
pages = {439--451},
month = oct
}

@article{Nuismer:2003eh,
author = {Nuismer, Scott L and Gomulkiewicz, Richard and Morgan, Martin T},
title = {{Coevolution in Temporally Variable Environments.}},
journal = {Am. Nat.},
year = {2003},
volume = {162},
number = {2},
pages = {195--204}
}

@article{Tattam:2015gs,
author = {Tattam, Ian A and Ruzycki, James R and McCormick, Josh L and Carmichael, Richard W},
title = {{Length and Condition of Wild Chinook Salmon Smolts Influence Age at Maturity}},
journal = {T Am Fish Soc},
year = {2015},
volume = {144},
number = {6},
pages = {1237--1248},
month = oct
}

@article{Satterthwaite:2012em,
author = {Satterthwaite, William H and Hayes, Sean A and Merz, Joseph E and Sogard, Susan M and Frechette, Danielle M and Mangel, Marc},
title = {{State-Dependent Migration Timing and Use of Multiple Habitat Types in Anadromous Salmonids}},
journal = {T Am Fish Soc},
year = {2012},
volume = {141},
number = {3},
pages = {781--794},
month = may
}

@article{Gibert:2015kc,
author = {Gibert, Jean P and DeLong, John P},
title = {{Individual variation decreases interference competition but increases species persistence}},
journal = {Adv Ecol Res},
year = {2015},
volume = {52},
pages = {45--64}
}

@article{Loreau:2008ju,
author = {Loreau, Michel and de Mazancourt, Claire},
title = {{Species synchrony and its drivers: neutral and nonneutral community dynamics in fluctuating environments}},
journal = {Am. Nat.},
year = {2008},
volume = {172},
number = {2},
pages = {E48--E66},
month = aug
}

@article{Brenkman:2011fg,
author = {Brenkman, S J and Duda, J J and Torgersen, C E and Welty, E and Pess, G R and Peters, R and Mchenry, M L},
title = {{A riverscape perspective of Pacific salmonids and aquatic habitats prior to large-scale dam removal in the Elwha River, Washington, USA}},
journal = {Fisheries Management and Ecology},
year = {2011},
volume = {19},
number = {1},
pages = {36--53},
month = oct
}

@article{Lade:2012eu,
author = {Lade, S J and Gross, T},
title = {{Early warning signals for critical transitions: A generalized modeling approach}},
journal = {PLoS Comp. Biol.},
year = {2012},
volume = {8},
number = {2},
pages = {e1002360}
}

@article{Mouquet:2002hs,
author = {Mouquet, Nicolas and Loreau, Michel},
title = {{Coexistence in Metacommunities: The Regional Similarity Hypothesis}},
journal = {Am. Nat.},
year = {2002},
volume = {159},
number = {4},
pages = {420--426},
month = apr
}

@article{Christie:2012bj,
author = {Christie, Mark R and Marine, Melanie L and French, Rod A and Blouin, Michael S},
title = {{Genetic adaptation to captivity can occur in a single generation.}},
journal = {Proc. Natl. Acad. Sci. USA},
year = {2012},
volume = {109},
number = {1},
pages = {238--242},
month = jan
}

@article{Krkosek:2014ch,
author = {Krko{\v s}ek, Martin and Drake, J M},
title = {{On signals of phase transitions in salmon population dynamics}},
journal = {Proc. Roy. Soc. B},
year = {2014},
volume = {281},
number = {1784},
pages = {20133221},
month = apr
}

@article{Bell:2011ki,
author = {Bell, Graham and Gonzalez, Andrew},
title = {{Adaptation and evolutionary rescue in metapopulations experiencing environmental deterioration}},
journal = {Science},
year = {2011},
volume = {332},
number = {6035},
pages = {1327--1330},
month = jun
}

@article{Fullerton:2011ii,
author = {Fullerton, Aimee H and Lindley, Steven T and Pess, George R and Feist, Blake E and Steel, E Ashley and Mcelhany, Paul},
title = {{Human influence on the spatial structure of threatened Pacific salmon metapopulations}},
journal = {Conserv Biol},
year = {2011},
volume = {25},
number = {5},
pages = {932--944},
month = jul
}

@article{Kuehn:2011tz,
author = {Kuehn, Christian and Gross, Thilo},
title = {{Nonlocal Generalized Models of Predator-Prey Systems}},
journal = {arXiv},
year = {2011},
eprint = {1105.3662v1},
eprinttype = {arxiv},
eprintclass = {math.DS},
month = may
}

@article{Moore:2014hi,
author = {Moore, Jonathan W and Yeakel, Justin D and Peard, Dean and Lough, Jeff and Beere, Mark},
title = {{Life-history diversity and its importance to population stability and persistence of a migratory fish: steelhead in two large North American watersheds}},
journal = {J. Anim. Ecol.},
year = {2014},
volume = {83},
number = {5},
pages = {1035--1046}
}

@article{Levin:1992p1472,
author = {Levin, Simon A},
title = {{The problem of pattern and scale in ecology}},
journal = {Ecology},
year = {1992},
volume = {73},
number = {6},
pages = {1943--1967},
month = dec
}

@article{Jasper:2013cc,
author = {Jasper, James R and Habicht, Christopher and Moffitt, Steve and Brenner, Rich and Marsh, Jennifer and Lewis, Bert and Fox, Elisabeth Creelman and Grauvogel, Zac and Olive, Serena D Rogers and Grant, W Stewart},
title = {{Source-sink estimates of genetic introgression show influence of hatchery strays on wild chum salmon populations in Prince William Sound, Alaska}},
journal = {PLoS ONE},
year = {2013},
volume = {8},
number = {12},
pages = {e81916},
month = dec
}

@article{Whitlock:2005hu,
author = {Whitlock, Michael C and Gomulkiewicz, Richard},
title = {{Probability of Fixation in a Heterogeneous Environment}},
journal = {Genetics},
year = {2005},
volume = {171},
number = {3},
pages = {1407--1417},
month = nov
}

@article{Ovaskainen:2017hr,
author = {Ovaskainen, Otso and Tikhonov, Gleb and Dunson, David and Gr{\o}tan, Vidar and Engen, Steinar and Saether, Bernt-Erik and Abrego, Nerea},
title = {{How are species interactions structured in species-rich communities? A new method for analysing time-series data}},
journal = {Proc Biol Sci},
year = {2017},
volume = {284},
number = {1855},
pages = {20170768},
month = may
}

@article{Schindler:2010he,
author = {Schindler, Daniel E and Hilborn, Ray and Chasco, Brandon and Boatright, Christopher P and Quinn, Thomas P and Rogers, Lauren A and Webster, Michael S},
title = {{Population diversity and the portfolio effect in an exploited species}},
journal = {Nature},
year = {2010},
volume = {465},
number = {7298},
pages = {609--612},
month = mar
}

@article{Gomulkiewicz:2000bz,
author = {Gomulkiewicz, Richard and Thompson, John N and Holt, Robert D and Nuismer, Scott L and Hochberg, Michael E},
title = {{Hot Spots, Cold Spots, and the Geographic Mosaic Theory of Coevolution.}},
journal = {Am. Nat.},
year = {2000},
volume = {156},
number = {2},
pages = {156--174}
}

@article{Lowe:2015ft,
author = {Lowe, Winsor H and Muhlfeld, Clint C and Allendorf, Fred W},
title = {{Spatial sorting promotes the spread of maladaptive hybridization}},
journal = {Trends Ecol. Evol.},
year = {2015},
volume = {30},
number = {8},
pages = {456--462},
month = aug
}

@article{Schreiber:2011vh,
author = {Schreiber, Sebastian J},
title = {{Persistence for stochastic difference equations: A mini-review}},
journal = {arXiv},
year = {2011},
eprint = {1109.5967v1},
eprinttype = {arxiv},
eprintclass = {math.DS},
month = sep
}

@article{Schreiber:2001ex,
author = {Schreiber, Sebastian J},
title = {{Chaos and population disappearances in simple ecological models}},
journal = {J Math Biol},
year = {2001},
volume = {42},
number = {3},
pages = {239--260},
month = mar
}

@article{deMazancourt:2013dj,
author = {de Mazancourt, Claire and Isbell, Forest and Larocque, Allen and Berendse, Frank and De Luca, Enrica and Grace, James B and Haegeman, Bart and Wayne Polley, H and Roscher, Christiane and Schmid, Bernhard and Tilman, David and van Ruijven, Jasper and Weigelt, Alexandra and Wilsey, Brian J and Loreau, Michel},
title = {{Predicting ecosystem stability from community composition and biodiversity}},
journal = {Ecol. Lett.},
year = {2013},
volume = {16},
number = {5},
pages = {617--625},
month = feb
}

@article{BenDavid:2004p84,
author = {Ben-David, Merav and Titus, Kimberly},
title = {{Consumption of salmon by Alaskan brown bears: a trade-off between nutritional requirements and the risk of infanticide?}},
journal = {Oecologia},
year = {2004},
volume = {138},
number = {3},
pages = {465--474},
month = feb
}

@book{MilnerGulland:2011vm,
author = {Milner-Gulland, E J and Fryxell, John M and Sinclair, Anthony R E},
title = {{Animal Migration}},
publisher = {Oxford University Press},
year = {2011},
address = {Oxford},
month = jan
}

@book{Andersen1997,
author = {Andersen, Tom},
title = {{Pelagic nutrient cycles. Herbivores as sources and sinks}},
year = {1997},
volume = {129}
}

@book{Quinn:2011tf,
author = {Quinn, Thomas P},
title = {{The Behavior and Ecology of Pacific Salmon and Trout}},
publisher = {UBC Press},
year = {2011},
address = {Vancouver},
month = nov
}

@article{Thibaut:2012km,
author = {Thibaut, Lo{\"\i}c M and Connolly, Sean R},
title = {{Understanding diversity-stability relationships: towards a unified model of portfolio effects.}},
journal = {Ecol. Lett.},
year = {2013},
volume = {16},
number = {2},
pages = {140--150},
month = feb
}

@article{Kinnison:2007db,
author = {Kinnison, Michael T and Hairston, Nelson G},
title = {{Eco-evolutionary conservation biology: contemporary evolution and the dynamics of persistence}},
journal = {Funct. Ecol.},
year = {2007},
volume = {21},
number = {3},
pages = {444--454},
month = jun
}

@article{Forde:2008kc,
author = {Forde, Samantha E and Thompson, John N and Holt, Robert D and Bohannan, Brendan J M},
title = {{COEVOLUTION DRIVES TEMPORAL CHANGES IN FITNESS AND DIVERSITY ACROSS ENVIRONMENTS IN A BACTERIA{\textendash}BACTERIOPHAGE INTERACTION}},
journal = {Evolution},
year = {2008},
volume = {62},
number = {8},
pages = {1830--1839},
month = aug
}

@article{Donohue:2013iu,
author = {Donohue, Ian and Petchey, Owen L and Montoya, Jos{\'e} M and Jackson, Andrew L and McNally, Luke and Viana, Mafalda and Healy, Kevin and Lurgi, Miguel and O'Connor, Nessa E and Emmerson, Mark C},
title = {{On the dimensionality of ecological stability.}},
journal = {Ecol. Lett.},
year = {2013},
volume = {16},
number = {4},
pages = {421--429},
month = apr
}

@article{H:2013fs,
author = {Westley, Peter A H and Quinn, T P},
title = {{Rates of straying by hatchery-produced Pacific salmon (\emph{Oncorhynchus} spp.) and steelhead (\emph{Oncorhynchus mykiss}) differ among species, life history types, and populations}},
journal = {Can. J. Fish. Aquat. Sci.},
year = {2013},
volume = {70},
number = {5},
pages = {735--746}
}

@article{Chilcote:2003bb,
author = {Chilcote, Mark W},
title = {{Relationship between natural productivity and the frequency of wild fish in mixed spawning populations of wild and hatchery steelhead (\emph{Oncorhynchus mykiss})}},
journal = {Can. J. Fish. Aquat. Sci.},
year = {2003},
volume = {60},
number = {9},
pages = {1057--1067},
month = sep
}

@article{Taylor:1996uz,
author = {Taylor, E B and Foote, C J and Wood, C C},
title = {{Molecular genetic evidence for parallel life-history evolution within a Pacific salmon (sockeye salmon and kokanee, Oncorhynchus nerka)}},
journal = {Evolution},
year = {1996},
pages = {401--416}
}

@article{Springer:uw,
author = {Springer, Alan M and van Vliet, Gus B},
title = {{Climate change, pink salmon, and the nexus between bottom-up and top-down forcing in the subarctic Pacific Ocean and Bering Sea}},
journal = {pnas.org}
}

@article{Smaldino:2017gm,
author = {Smaldino, Paul E and Flamson, Thomas J and McElreath, Richard},
title = {{The Evolution Of Covert Signaling}},
journal = {bioRxiv},
year = {2017},
pages = {132407},
month = apr
}

@incollection{Hendry:2004wf,
author = {Hendry, Andrew P and Bohlin, T and Jonsson, Bror and Berg, Ole K},
title = {{The evolution of philopatry and dispersal: homing versus straying in salmonids}},
booktitle = {Evolution Illuminated},
year = {2004},
editor = {Hendry, Andrew P and Stearns, Stephen C},
publisher = {Oxford University Press on Demand},
address = {Oxford}
}

@article{Pillai:2011dm,
author = {Pillai, Pradeep and Gonzalez, Andrew and Loreau, Michel},
title = {{Metacommunity theory explains the emergence of food web complexity.}},
journal = {PNAS},
year = {2011},
volume = {108},
number = {48},
pages = {19293--19298},
month = nov
}

